
#1
@article{hulland19,
  title={Increase in reported cholera cases in Haiti following hurricane Matthew: an interrupted time series model},
  author={Hulland, Erin and Subaiya, Saleena and Pierre, Katilla and Barthelemy, Nickolson and Pierre, Jean Samuel and Dismer, Amber and Juin, Stanley and Fitter, David and Brunkard, Joan},
  journal={The American journal of tropical medicine and hygiene},
  volume={100},
  number={2},
  pages={368},
  year={2019},
  publisher={The American Society of Tropical Medicine and Hygiene}
}

#2
@article{kirpich17,
  title={Controlling cholera in the Ouest Department of Haiti using oral vaccines},
  author={Kirpich, Alexander and Weppelmann, Thomas A and Yang, Yang and Morris Jr, John Glenn and Longini Jr, Ira M},
  journal={PLOS Neglected Tropical Diseases},
  volume={11},
  number={4},
  pages={e0005482},
  year={2017},
  publisher={Public Library of Science San Francisco, CA USA}
}

#5
@article{tuite11-repeated,
  title={Cholera epidemic in Haiti, 2010: using a transmission model to explain spatial spread of disease and identify optimal control interventions},
  author={Tuite, Ashleigh R and Tien, Joseph and Eisenberg, Marisa and Earn, David JD and Ma, Junling and Fisman, David N},
  journal={Annals of internal medicine},
  volume={154},
  number={9},
  pages={593--601},
  year={2011},
  publisher={American College of Physicians}
}

#6
@article{andrews11,
  title={Transmission dynamics and control of cholera in Haiti: an epidemic model},
  author={Andrews, Jason R and Basu, Sanjay},
  journal={The Lancet},
  volume={377},
  number={9773},
  pages={1248--1255},
  year={2011},
  publisher={Elsevier}
}

#10
@article{mukandavire13,
  title={Cholera in Haiti: reproductive numbers and vaccination coverage estimates},
  author={Mukandavire, Zindoga and Smith, David L and Morris Jr, J Glenn},
  journal={Scientific reports},
  volume={3},
  number={1},
  pages={997},
  year={2013},
  publisher={Nature Publishing Group UK London}
}

#13
@article{botelho21,
  title={A mathematical model for {V}ibrio-phage interactions},
  author={Botelho, Christopher and Kong, Jude Dzevela and Lucien, Mentor Ali and Shuai, Zhisheng and Wang, Hao},
  journal={Mathematical Biosciences and Engineering},
  volume={18},
  number={3},
  year={2021}
}

#17
@article{fitzgibbon20,
  title={Modelling the aqueous transport of an infectious pathogen in regional communities: application to the cholera outbreak in {H}aiti},
  author={Fitzgibbon, William E and Morgan, Jeffrey J and Webb, Glenn F and Wu, Yixiang},
  journal={Journal of the Royal Society Interface},
  volume={17},
  number={169},
  pages={20200429},
  year={2020},
  publisher={The Royal Society}
}

#18
@article{eisenberg13,
  title={Examining rainfall and cholera dynamics in Haiti using statistical and dynamic modeling approaches},
  author={Eisenberg, Marisa C and Kujbida, Gregory and Tuite, Ashleigh R and Fisman, David N and Tien, Joseph H},
  journal={Epidemics},
  volume={5},
  number={4},
  pages={197--207},
  year={2013},
  publisher={Elsevier}
}

#19
@article{rinaldo12,
  title={Reassessment of the 2010--2011 Haiti cholera outbreak and rainfall-driven multiseason projections},
  author={Rinaldo, Andrea and Bertuzzo, Enrico and Mari, Lorenzo and Righetto, Lorenzo and Blokesch, Melanie and Gatto, Marino and Casagrandi, Renato and Murray, Megan and Vesenbeckh, Silvan M and Rodriguez-Iturbe, Ignacio},
  journal={Proceedings of the National Academy of Sciences},
  volume={109},
  number={17},
  pages={6602--6607},
  year={2012},
  publisher={National Acad Sciences}
}

#20
@article{chao11,
  title={Vaccination strategies for epidemic cholera in Haiti with implications for the developing world},
  author={Chao, Dennis L and Halloran, M Elizabeth and Longini Jr, Ira M},
  journal={Proceedings of the National Academy of Sciences},
  volume={108},
  number={17},
  pages={7081--7085},
  year={2011},
  publisher={National Acad Sciences}
}

#23
@article{lewnard16,
  title={Strategies to prevent cholera introduction during international personnel deployments: a computational modeling analysis based on the 2010 Haiti outbreak},
  author={Lewnard, Joseph A and Antill{\'o}n, Marina and Gonsalves, Gregg and Miller, Alice M and Ko, Albert I and Pitzer, Virginia E},
  journal={PLoS medicine},
  volume={13},
  number={1},
  pages={e1001947},
  year={2016},
  publisher={Public Library of Science San Francisco, CA USA}
}

#26
@article{date11,
  title={Considerations for oral cholera vaccine use during outbreak after earthquake in Haiti, 2010- 2011},
  author={Date, Kashmira A and Vicari, Andrea and Hyde, Terri B and Mintz, Eric and Danovaro-Holliday, M Carolina and Henry, Ariel and Tappero, Jordan W and Roels, Thierry H and Abrams, Joseph and Burkholder, Brenton T and others},
  journal={Emerging infectious diseases},
  volume={17},
  number={11},
  pages={2105},
  year={2011},
  publisher={Centers for Disease Control and Prevention}
}

#27
@article{kunkel17,
  title={Antimicrobial resistance risks of cholera prophylaxis for {U}nited {N}ations peacekeepers},
  author={Kunkel, Amber and Lewnard, Joseph A and Pitzer, Virginia E and Cohen, Ted},
  journal={Antimicrobial agents and chemotherapy},
  volume={61},
  number={8},
  pages={10--1128},
  year={2017},
  publisher={Am Soc Microbiol}
}

#28
@article{lin19,
  title={Transmission dynamics of cholera with hyperinfectious and hypoinfectious vibrios: mathematical modelling and control strategies},
  author={Lin, Jiazhe and Xu, Rui and Tian, Xiaohong},
  journal={Mathematical Biosciences and Engineering},
  volume={16},
  number={5},
  pages={4339--4358},
  year={2019},
  publisher={American Institute of Mathematical Sciences (AIMS)}
}

#31
@article{collins21,
  title={Mathematical analyses on the effects of control measures for a waterborne disease model with socioeconomic conditions},
  author={Collins, Obiora Cornelius and Duffy, Kevin Jan},
  journal={Journal of Computational Biology},
  volume={28},
  number={1},
  pages={19--32},
  year={2021},
  publisher={Mary Ann Liebert, Inc., publishers 140 Huguenot Street, 3rd Floor New~â€¦}
}

#35
@article{akman15,
  title={An evolutionary computing approach for parameter estimation investigation of a model for cholera},
  author={Akman, Olcay and Schaefer, Elsa},
  journal={Journal of biological dynamics},
  volume={9},
  number={1},
  pages={147--158},
  year={2015},
  publisher={Taylor \& Francis}
}

#44
@article{trevisin22,
  title={Epidemicity of cholera spread and the fate of infection control measures},
  author={Trevisin, Cristiano and Lemaitre, Joseph C and Mari, Lorenzo and Pasetto, Damiano and Gatto, Marino and Rinaldo, Andrea},
  journal={Journal of the Royal Society Interface},
  volume={19},
  number={188},
  pages={20210844},
  year={2022},
  publisher={The Royal Society}
}

#46
@article{mavian20,
  title={Toxigenic {V}ibrio cholerae evolution and establishment of reservoirs in aquatic ecosystems},
  author={Mavian, Carla and Paisie, Taylor K and Alam, Meer T and Browne, Cameron and Beau De Rochars, Valery Madsen and Nembrini, Stefano and Cash, Melanie N and Nelson, Eric J and Azarian, Taj and Ali, Afsar and others},
  journal={Proceedings of the National Academy of Sciences},
  volume={117},
  number={14},
  pages={7897--7904},
  year={2020},
  publisher={National Acad Sciences}
}

#47
@article{sallah17-repeated,
  title={Mathematical models for predicting human mobility in the context of infectious disease spread: introducing the impedance model},
  author={Sallah, Kanko{\'e} and Giorgi, Roch and Bengtsson, Linus and Lu, Xin and Wetter, Erik and Adrien, Paul and Rebaudet, Stanislas and Piarroux, Renaud and Gaudart, Jean},
  journal={International journal of health geographics},
  volume={16},
  number={1},
  pages={1--11},
  year={2017},
  publisher={BioMed Central}
}

#48
@article{collins14,
  title={Incorporating heterogeneity into the transmission dynamics of a waterborne disease model},
  author={Collins, OC and Govinder, KS},
  journal={Journal of Theoretical Biology},
  volume={356},
  pages={133--143},
  year={2014},
  publisher={Elsevier}
}

#50
@article{kelly16,
  title={The impact of spatial arrangements on epidemic disease dynamics and intervention strategies},
  author={Kelly Jr, Michael R and Tien, Joseph H and Eisenberg, Marisa C and Lenhart, Suzanne},
  journal={Journal of biological dynamics},
  volume={10},
  number={1},
  pages={222--249},
  year={2016},
  publisher={Taylor \& Francis}
}

#52
@article{azman12,
  title={Urban cholera transmission hotspots and their implications for reactive vaccination: evidence from {B}issau city, {G}uinea bissau},
  author={Azman, Andrew S and Luquero, Francisco J and Rodrigues, Amabelia and Palma, Pedro Pablo and Grais, Rebecca F and Banga, Cunhate Na and Grenfell, Bryan T and Lessler, Justin},
  journal={PLoS neglected tropical diseases},
  volume={6},
  number={11},
  pages={e1901},
  year={2012},
  publisher={Public Library of Science San Francisco, USA}
}

#54
@article{capone15,
  title={Influence of diffusion on the stability of equilibria in a reaction--diffusion system modeling cholera dynamic},
  author={Capone, Florinda and De Cataldis, Valentina and De Luca, Roberta},
  journal={Journal of mathematical biology},
  volume={71},
  pages={1107--1131},
  year={2015},
  publisher={Springer}
}

#55
@article{bengtsson15,
  title={Using mobile phone data to predict the spatial spread of cholera},
  author={Bengtsson, Linus and Gaudart, Jean and Lu, Xin and Moore, Sandra and Wetter, Erik and Sallah, Kankoe and Rebaudet, Stanislas and Piarroux, Renaud},
  journal={Scientific reports},
  volume={5},
  number={1},
  pages={8923},
  year={2015},
  publisher={Nature Publishing Group UK London}
}

#56
@article{leung22,
  title={Optimizing one-dose and two-dose cholera vaccine allocation in outbreak settings: A modeling study},
  author={Leung, Tiffany and Eaton, Julia and Matrajt, Laura},
  journal={PLOS Neglected Tropical Diseases},
  volume={16},
  number={4},
  pages={e0010358},
  year={2022},
  publisher={Public Library of Science San Francisco, CA USA}
}

#57
@article{kuhn14,
  title={Glucose-but not rice-based oral rehydration therapy enhances the production of virulence determinants in the human pathogen {V}ibrio cholerae},
  author={K{\"u}hn, Juliane and Finger, Flavio and Bertuzzo, Enrico and Borgeaud, Sandrine and Gatto, Marino and Rinaldo, Andrea and Blokesch, Melanie},
  journal={PLoS neglected tropical diseases},
  volume={8},
  number={12},
  pages={e3347},
  year={2014},
  publisher={Public Library of Science San Francisco, USA}
}

#60
@article{mari15,
  title={On the predictive ability of mechanistic models for the {H}aitian cholera epidemic},
  author={Mari, Lorenzo and Bertuzzo, Enrico and Finger, Flavio and Casagrandi, Renato and Gatto, Marino and Rinaldo, Andrea},
  journal={Journal of the Royal Society Interface},
  volume={12},
  number={104},
  pages={20140840},
  year={2015},
  publisher={The Royal Society}
}

#61
@article{gatto12,
  title={Generalized reproduction numbers and the prediction of patterns in waterborne disease},
  author={Gatto, Marino and Mari, Lorenzo and Bertuzzo, Enrico and Casagrandi, Renato and Righetto, Lorenzo and Rodriguez-Iturbe, Ignacio and Rinaldo, Andrea},
  journal={Proceedings of the National Academy of Sciences},
  volume={109},
  number={48},
  pages={19703--19708},
  year={2012},
  publisher={National Acad Sciences}
}

#64
@article{azman15,
  title={The impact of a one-dose versus two-dose oral cholera vaccine regimen in outbreak settings: A modeling study},
  author={Azman, Andrew S and Luquero, Francisco J and Ciglenecki, Iza and Grais, Rebecca F and Sack, David A and Lessler, Justin},
  journal={PLoS Medicine},
  volume={12},
  number={8},
  pages={e1001867},
  year={2015},
  publisher={Public Library of Science San Francisco, CA USA}
}