@string{AICEJ="American Institute of Chemical Engineers Journal"}
@string{AIChEJ="American Institute of  Chemical Engineers Journal"}
@string{AJE="American Journal of Epidemiology"}
@string{AJTMH="American Journal of Tropical Medicine and Hygiene"}
@string{AmNat="American Naturalist"}
@string{AnnMathStat="Annals of Mathematical Statistics"}
@string{AOAP="Annals of Applied Probability"}
@string{AOAS="Annals of Applied Statistics"}
@string{AOS="Annals of Statistics"}
@string{AppStat="Applied Statistics"}
@string{BWHO="Bulletin of the World Health Organization"}
@string{CH="Chapman and Hall"}
@string{CMB="Clinical Microbiology Reviews"}
@string{CUP="Cambridge University Press"}
@string{EJP="Electronic Journal of Probability"}
@string{EJS="Electronic Journal of Statistics"}@string{IJE="International Journal of Epidemiology"},
@string{ISR="International Statistical Review"}@string{JAMA="Journal of the American Medical Association"}
,
@string{JAP="Journal of Applied Probability"}
@string{JASA="Journal of the American Statistical Association"}
@string{JBES="Journal of Business and Economic Statistics"}
@string{JC="Journal of Climate"}
@string{JCGS="Journal of Computational and Graphical Statistics"}
@string{JMB="Journal of Mathematical Biology"}
@string{JME="Journal of Medical Entomology"}
@string{JN="Journal of Neuroscience"}
@string{JNE="Journal of Neural Engineering"}
@string{JRSI="Journal of the  Royal Society Interface"}
@string{JRSSB="Journal of the Royal Statistical Society, Series B (Statistical Methodology)"}
@string{JRSSC="Journal of the Royal Statistical Society: Series C (Applied Statistics)"}
@string{JSS="Journal of Statistical Software"}
@string{MBE="Molecular Biology and Evolution"}
@string{MWR="Monthly Weather Review"}
@string{OUP="Oxford University Press"}
@string{PLMS="Proceedings of the London Mathematical Society"}
@string{PLoS-Bio="PLoS Biology"}
@string{PLoS-CompBio="PLoS Computational Biology"}
@string{PLoS-Med="PLoS Medicine"}
@string{PLoS-NTD="PLoS Neglected Tropical Diseases"}
@string{PLoS-Path="PLoS Pathogens"}
@string{PNAS="Proceedings of the National Academy of Sciences of the USA"}
@string{PRSB="Proceedings of the Royal Society of London, Series B"}
@string{PRSLA="Proceedings of the Royal Society of London, Series A"}
@string{PRSLB="Proceedings of the Royal Society of London, Series B"}
@string{PUP="Princeton University Press"}
@string{SC="Statistics and Computing"}
@string{SM="Statistics in Medicine"}
@string{SPL="Statistics and Probability Letters"}
@string{SS="Statistica Sinica"}
@string{StatSci={Statistical Science}}
@string{STM="Science Translational Medicine"}
@string{TRSTMH="Transactions of the Royal Society of Tropical Medicine and Hygiene"}
,
@string{TSP="IEEE Transactions on Signal Processing"}

AAAAAAAAAAAA


@article{ades15,
  title={The Equivalent-Weights Particle Filter in a High-Dimensional System},
  author={Ades, Mel and Van Leeuwen, Peter J},
  journal={Quarterly Journal of the Royal Meteorological Society},
  volume={141},
  number={687},
  pages={484--503},
  year={2015},
  publisher={Wiley Online Library}
}

@ARTICLE{aic74,
  author={Akaike, H.},
  journal={IEEE Transactions on Automatic Control},
  title={A New Look at the Statistical Model Identification},
  year={1974},
  volume={19},
  number={6},
  pages={716-723},
  xdoi={10.1109/TAC.1974.1100705}
}

@article{ali22,
  title={Prediction of upcoming global infection burden of influenza seasons after relaxation of public health and social measures during the COVID-19 pandemic: a modelling study},
  author={Ali, Sheikh Taslim and Lau, Yiu Chung and Shan, Songwei and Ryu, Sukhyun and Du, Zhanwei and Wang, Lin and Xu, Xiao-Ke and Chen, Dongxuan and Xiong, Jiaming and Tae, Jungyeon and others},
  journal={The Lancet Global Health},
  volume={10},
  number={11},
  pages={e1612--e1622},
  year={2022},
  publisher={Elsevier}
}

@book(anderson79,
author = "Anderson, B. D. and Moore, J. B.",
year = 1979,
title = "Optimal Filtering",
publisher = "Prentice-Hall",
address = "New Jersey"
)

@article{andrews11,
  title={Transmission Dynamics and Control of Cholera in {H}aiti: an Epidemic Model},
  author={Andrews, Jason R and Basu, Sanjay},
  journal={The Lancet},
  volume={377},
  number={9773},
  pages={1248--1255},
  year={2011},
  publisher={Elsevier}
}

@article(andrieu10, xdoi="10.1111/j.1467-9868.2009.00736.x", textref={Andrieu, C., A. Doucet and R. Holenstein (2010), Particle Markov Chain Monte Carlo Methods, J. Roy. Stat. Soc B 72:269-342},
author = "Christophe Andrieu and Arnaud Doucet and Roman Holenstein",
year = 2010,
title = "Particle {M}arkov chain {M}onte {C}arlo methods",
journal = JRSSB,
volume = "72",
pages = "269--342"
)

@article(arulampalam02,
author = "Arulampalam, M. S. and Maskell, S. and Gordon, N. and Clapp, T.",
year = 2002,
title = "A Tutorial on Particle Filters for Online Nonlinear, Non-{G}aussian {B}ayesian Tracking",
journal = TSP,
volume = 50,
pages = "174 -- 188"
)

@Article{asfaw23arxiv,
Author = {Asfaw, Kidus. and  Park, Joonha and King, Aaron A. and Ionides, Edward L.},
Year = {2023},
Title = {Partially Observed {M}arkov Processes with Spatial Structure via the {R} Package {spatPomp}},
Journal ={arXiv:2101.01157v3},
xdoi={10.48550/arXiv.2101.01157}
}

@Article{asfaw21github,
Author = {Asfaw, K. and  Ionides, E. L. and King, A. A.},
Year = {2021},
Title = {\texttt{spatPomp}: R package for Statistical Inference for Spatiotemporal Partially Observed {M}arkov Processes},
Journal ={\upshape{\texttt{https://github.com/kidusasfaw/spatPomp}}},
xVolume = {69},
xPages = {1--43}
}

@Article{asfaw22cran,
Author = {Asfaw, K. and  Ionides, E. L. and King, A. A.},
Year = {2022},
Title = {\texttt{spatPomp}: R package for Statistical Inference for Spatiotemporal Partially Observed {M}arkov Processes},
Journal ={\upshape{R package, available at \texttt{https://cran.r-project.org/web/packages/spatPomp}}},
xVolume = {69},
xPages = {1--43}
}

BBBBBBBBBBBB

@article{baker18,
  title={Mechanistic models versus machine learning, a fight worth fighting for the biological community?},
  author={Baker, Ruth E and Pena, Jose-Maria and Jayamohan, Jayaratnam and J{\'e}rusalem, Antoine},
  journal={Biology letters},
  volume={14},
  number={5},
  pages={20170660},
  year={2018},
  publisher={The Royal Society}
}

@article{bansal07,
  title={When Individual Behaviour Matters: Homogeneous And Network Models in Epidemiology},
  author={Bansal, Shweta and Grenfell, Bryan T and Meyers, Lauren Ancel},
  journal={Journal of the Royal Society Interface},
  volume={4},
  number={16},
  pages={879--891},
  year={2007},
  publisher={The Royal Society London}
}

@Article{baracchini16,
  author    = {Baracchini, Theo and King, Aaron A and Bouma, Menno J and Rod{\'o}, Xavier and Bertuzzo, Enrico and Pascual, Mercedes},
  title     = {Seasonality in Cholera Dynamics: a Rainfall-Driven Model Explains the Wide Range of Patterns in Endemic Areas},
  journal   = {Advances in Water Resources},
  year      = {2016},
  doi       = {10.1016/j.advwatres.2016.11.012},
}

@article{bardenet15,
  rmdCite={<a href="https://arxiv.org/abs/1505.02827">@bardenet15</a>},
  url={https://arxiv.org/abs/1505.02827},
  title={On {M}arkov Chain {M}onte {C}arlo Methods for Tall Data},
  author={Bardenet, R{\'e}mi and Doucet, Arnaud and Holmes, Chris},
  journal={ArXiv:1505.02827},
  year={2015}
}

@article{barzilay13,
  note={Includes case definition to 2013: The NCSS used a modified World Health Organization case definition for cholera that included acute watery diarrhea, with or without vomiting, in persons of all ages residing in an area in which at least one case of Vibrio cholerae O1 infection had been confirmed by culture.},
  title={Cholera Surveillance During the {H}aiti Epidemic—the First 2 Years},
  author={Barzilay, Ezra J and Schaad, Nicolas and Magloire, Roc and Mung, Kam S and Boncy, Jacques and Dahourou, Georges A and Mintz, Eric D and Steenland, Maria W and Vertefeuille, John F and Tappero, Jordan W},
  journal={New England Journal of Medicine},
  volume={368},
  number={7},
  pages={599--609},
  year={2013},
  publisher={Mass Medical Soc}
}

@article{baskerville13,
Author ={Barkerville, EB and Bedford, T and Reiner, RC and Pascual M},
Year = {2013},
Title = {Nonparametric Bayesian Grouping Methods for Spatial Time-Series Data},
Journal ={arXiv:1306.5202}
}

@article{becker20,
  title={Coexisting Attractors in the Context of Cross-Scale Population Dynamics: Measles in {L}ondon as a Case Study},
  author={Becker, Alexander D and Zhou, Susan H and Wesolowski, Amy and Grenfell, Bryan T},
  xjournal={Proceedings of the Royal Society B},
  journal=PRSB,
  volume={287},
  number={1925},
  pages={20191510},
  year={2020},
  publisher={The Royal Society}
}


@article{behrend20,
    xdoi = {10.1371/journal.pntd.0008033},
    author = {Behrend, Matthew R. AND Bas\'{a}\~{e}z, María-Gloria AND Hamley, Jonathan I. D. AND Porco, Travis C. AND Stolk, Wilma A. AND Walker, Martin AND de Vlas, Sake J. AND for the NTD Modelling Consortium},
    journal = PLoS-NTD,
    publisher = {Public Library of Science},
    title = {Modelling for Policy: The Five Principles of the Neglected Tropical Diseases Modelling Consortium},
    year = {2020},
    month = {04},
    volume = {14},
    xurl = {https://doi.org/10.1371/journal.pntd.0008033},
    pages = {1-17},
    abstract = {null},
    number = {4},

}

@incollection(bengtsson08, xdoi={10.1007/978-3-642-01094-1}, xurl={http://arxiv.org/abs/0805.3034},
author = "Bengtsson, T. and  Bickel, P. and Li, B.",
year = 2008,
title = "Curse-of-dimensionality Revisited: Collapse of the Particle Filter in Very Large Scale Systems",
booktitle="Probability and Statistics: Essays in Honor of {D}avid {A}. {F}reedman",
editor={Speed, T. and Nolan, D.},
pages = "316--334",
publisher="Institute of Mathematical Statistics",
address="Beachwood, OH"
)

@article{bentkus97,
  title={Berry--{E}sseen Bounds for Statistics of Weakly Dependent Samples},
  author={Bentkus, Vidmantas and G{\"o}tze, Friedrich and Tikhomoirov, A},
  journal={Bernoulli},
  volume={3},
  number={3},
  pages={329--349},
  year={1997},
  publisher={Bernoulli Society for Mathematical Statistics and Probability}
}

@Article{berard14,
  Doi={10.1214/EJP.v19-3428},
  rmdCite={<a href="http://dx.doi.org/10.1214/EJP.v19-3428">@berard14</a>},
  Title={A Lognormal Central Limit Theorem for Particle Approximations of Normalizing Constants},
  Author={B{\'e}rard, Jean and Del Moral, Pierre and Doucet, Arnaud},
  Journal=EJP,
  Volume={19},
  Xnumber={94},
  Pages={1--28},
  Year={2014}
}

@article{beskos17,
  title={A Stable Particle Filter for a Class of High-Dimensional State-Space Models},
  author={Beskos, Alexandros and Crisan, Dan and Jasra, Ajay and Kamatani, Kengo and Zhou, Yan},
  journal={Advances in Applied Probability},
  volume={49},
  number={1},
  pages={24--48},
  year={2017},
  publisher={Cambridge University Press}
}

@article(bhadra10, xdoi="10.1111/j.1467-9868.2009.00736.x", textref={Bhadra, A. (2010), Discussion of `Particle Markov Chain Monte Carlo Methods' by C. Andrieu, A. Doucet and R. Holenstein, J. Roy. Stat. Soc B 72:314-315},
author = "Bhadra, Anindya",
year = 2010,
title = "Discussion of `Particle {M}arkov Chain {M}onte {C}arlo Methods' by {C}.\ {A}ndrieu, {A}.\ {D}oucet and {R}.\ {H}olenstein",
journal = JRSSB,
xjournal = {Journal of the Royal Statistical Society, Series B (Statistical Methodology)},
volume = "72",
pages = "314--315"
)


@article(bhadra11,  xdoi="10.1198/jasa.2011.ap10323",
author = "Bhadra, A. and Ionides, E. L. and Laneri, K. and Pascual, M. and Bouma, M. and Dhiman,  R. C.",
year=2011,
title = "Malaria in {N}orthwest {I}ndia: Data Analysis via Partially Observed Stochastic Differential Equation Models Driven by {L}\'{e}vy Noise",
journal = JASA,
volume = 106,
pages = "440-451"
)

@article{bi17,
title = {Protection against cholera from killed whole-cell oral cholera vaccines: a systematic review and meta-analysis},
journal = {The Lancet Infectious Diseases},
volume = {17},
number = {10},
pages = {1080-1088},
year = {2017},
issn = {1473-3099},
xdoi = {https://doi.org/10.1016/S1473-3099(17)30359-6},
xurl = {https://www.sciencedirect.com/science/article/pii/S1473309917303596},
author = {Qifang Bi and Eva Ferreras and Lorenzo Pezzoli and Dominique Legros and Louise C Ivers and Kashmira Date and Firdausi Qadri and Laura Digilio and David A Sack and Mohammad Ali and Justin Lessler and Francisco J Luquero and Andrew S Azman and Philippe Cavailler and Kashmira Date and Nandini Sreenivasan and Helen Matzger and Francisco Luquero and Rebecca Grais and Lale Wiesner and Melissa Ko and Vanessa Rouzier and Corey Peak and Firdausi Qadri and Justine Landegger and Julia Lynch and Andrew Azman and David Sack and Myriam Henkens and Iza Ciglenecki and Louise Ivers and Emma Diggle and Mitchell Weiss and Alan Hinman and Kahindo Maina and Imran Mirza and Guillermo Gimeno and Myron Levine}
}

@article(bjornstad01, doi="10.1126/science.1062226",
author = "Bj{\o}rnstad, O. N. and Grenfell, B. T.",
year = 2001,
title = "Noisy Clockwork: Time Series Analysis of Population Fluctuations in Animals",
journal = "Science",
volume = 293,
pages = "638--643"
)

@article{blackwood13,xdoi = {10.1073/pnas.1220908110}, text={Blackwood, JC. et al (2013). "Deciphering the impacts of vaccination and immunity on pertussis epidemiology in Thailand." PNAS 110:9595-9600},
author = {Blackwood, J. C. and Cummings, D. A. T. and Broutin, H. and Iamsirithaworn, S. and Rohani, P.},
title = {Deciphering the Impacts of Vaccination and Immunity on Pertussis Epidemiology in {T}hailand},
year = {2013},
XURL = {http://www.pnas.org/content/early/2013/05/16/1220908110.abstract},
eprint = {http://www.pnas.org/content/early/2013/05/16/1220908110.full.pdf+html},
journal = PNAS,
volume = 110,
pages = {9595--9600},
}

@article{blackwood13b,
author = {Blackwood, J. C. and Streicker, D. G. and Altizer, S. and Rohani, P.},
title = {Resolving the Roles of Immunity, Pathogenesis, and Immigration for Rabies Persistence in Vampire Bats},
year = {2013},
xdoi = {10.1073/pnas.1308817110},
XURL = {http://www.pnas.org/content/early/2013/11/27/1308817110.abstract},
eprint = {http://www.pnas.org/content/early/2013/11/27/1308817110.full.pdf+html},
journal = PNAS
}

@article{blake14,
author = {Blake, Isobel M. and Martin, Rebecca and Goel, Ajay and Khetsuriani, Nino and Everts, Johannes and Wolff, Christopher and Wassilak, Steven and Aylward, R. Bruce and Grassly, Nicholas C.},
title = {The Role of Older Children and Adults in Wild Poliovirus Transmission},
volume = {111},
number = {29},
pages = {10604-10609},
year = {2014},
xdoi = {10.1073/pnas.1323688111},
xURL = {http://www.pnas.org/content/111/29/10604.abstract},
eprint = {http://www.pnas.org/content/111/29/10604.full.pdf+html},
journal = PNAS
}

@incollection{box79,
  title={Robustness in the Strategy of Scientific Model Building},
  author={Box, George EP},
  booktitle={Robustness in Statistics},
  pages={201--236},
  year={1979},
  publisher={Elsevier}
}

@article{brauer2017,
title = {Mathematical Epidemiology: Past, Present, and Future},
journal = {Infectious Disease Modelling},
volume = {2},
number = {2},
pages = {113-127},
year = {2017},
issn = {2468-0427},
xdoi = {https://doi.org/10.1016/j.idm.2017.02.001},
xurl = {https://www.sciencedirect.com/science/article/pii/S2468042716300367},
author = {Fred Brauer},
abstract = {We give a brief outline of some of the important aspects of the development of mathematical epidemiology.}
}

@article{brehmer20,
  title={Mining Gold from Implicit Models to Improve Likelihood-Free Inference},
  author={Brehmer, Johann and Louppe, Gilles and Pavez, Juan and Cranmer, Kyle},
  journal=PNAS,
  volume={117},
  number={10},
  pages={5242--5249},
  year={2020},
  publisher={National Acad Sciences}
}

@article{breiman96,
  title={Bagging Predictors},
  author={Breiman, Leo},
  journal={Machine learning},
  volume={24},
  number={2},
  pages={123--140},
  year={1996},
  publisher={Springer}
}

@article(breto09, xdoi={10.1214/08-AOAS201},
author = "Bret\'{o}, C. and He, D. and Ionides, E. L. and King, A. A.",
year = 2009,
title = "Time Series Analysis via Mechanistic Models",
journal = AOAS,
volume = 3,
pages = "319--348"
)


@article{breto11,
xdoi={10.1016/j.spa.2011.07.005},
text={Breto, C. and Ionides, E.L. (2011) Compound Markov counting processes and their applications to modeling infinitesimally over-dispersed systems. Stochastic Processes and their Applications 121:2571-2591.},
author = "Bret\'{o}, C. and Ionides, E. L.",
year = 2011,
title = "Compound {M}arkov Counting Processes and their Applications to Modeling Infinitesimally Over-Dispersed Systems",
journal = "Stochastic Processes and their Applications",
volume = "121",
pages = "2571--2591"
}

@article{breto14,xdoi = "http://dx.xdoi.org/10.1016/j.spl.2014.04.003",
title = "On Idiosyncratic Stochasticity of Financial Leverage Effects",
journal = "Statistics \& Probability Letters ",
volume = "91",
pages = "20--26",
year = "2014",
issn = "0167-7152",
xurl = "http://www.sciencedirect.com/science/article/pii/S0167715214001345",
author = "Carles Bret\'{o}",
}


@article{breto18statSci,
  year={2018},
  doi = {10.1214/17-STS636},
  title={Modeling and Inference for Infectious Disease Dynamics: A Likelihood-Based Approach},
  author={Bret{\'o}, Carles},
  journal={Statistical Science},
  xjournal=StatSci,
  number = {1},
  pages = {57--69},
  volume = {33}
}

@article{breto20,
author = {Carles Bret{\'o} and Edward L. Ionides and Aaron A. King},
title = {Panel Data Analysis via Mechanistic Models},
journal = {Journal of the American Statistical Association},
volume = {115},
number = {531},
pages = {1178-1188},
year  = {2020},
publisher = {Taylor & Francis},
doi = {10.1080/01621459.2019.1604367},
URL = {https://doi.org/10.1080/01621459.2019.1604367},
eprint = {https://doi.org/10.1080/01621459.2019.1604367}
}

@Manual{breto20panelPomp,
    title = {panelPomp: Statistical Inference for PanelPOMPs (Panel Partially Observed Markov Processes)},
    author = {Carles Bret{\'o} and Edward L. Ionides and Aaron A. King},
    year = {2020},
    note = {R package version 0.10.0.2},
  }

CCCCCCCCCCC

@article{camacho11,xdoi = {10.1098/rspb.2011.0300},
author = {Camacho, Anton and Ballesteros, Sebastien and Graham, Andrea L. and Carrat, Fabrice and Ratmann, Oliver and Cazelles, Bernard},
title = {Explaining Rapid Reinfections in Multiple-Wave Influenza Outbreaks: {T}ristan da {C}unha 1971 Epidemic as a Case Study},
year=2011,
volume=278,
xnumber=1725,
pages= {3635--3643},
XURL = {http://rspb.royalsocietypublishing.org/content/early/2011/04/22/rspb.2011.0300.abstract},
eprint = {http://rspb.royalsocietypublishing.org/content/early/2011/04/22/rspb.2011.0300.full.pdf+html},
journal = PRSB
}

@ARTICLE{cappe07,xdoi={10.1109/JPROC.2007.893250},
title={An Overview of Existing Methods and Recent Advances in Sequential {M}onte {C}arlo},
author={Capp\'{e}, O. and Godsill, S.J. and Moulines, E.},
journal={Proc. IEEE},
year={2007},
volume={95},
xnumber={5},
pages={899-924}
}

@article{caya05,
  title={A Comparison Between the {4DVAR} and the Ensemble {K}alman Filter Techniques for Radar Data Assimilation},
  author={Caya, Alain and Sun, Juanzhen and Snyder, Chris},
  xjournal={Monthly Weather Review},
  journal=MWR,
  volume={133},
  number={11},
  pages={3081--3094},
  year={2005}
}

@article{chandler13,
  title={Exploiting Strength, Discounting Weakness: Combining Information from Multiple Climate Simulators},
  author={Chandler, Richard E},
  journal={Philosophical Transactions of the Royal Society A: Mathematical, Physical and Engineering Sciences},
  volume={371},
  number={1991},
  pages={20120388},
  year={2013},
  publisher={The Royal Society Publishing}
}

@article {chopin13,xdoi = {10.1111/j.1467-9868.2012.01046.x},
author = {Chopin, N. and Jacob, P. E. and Papaspiliopoulos, O.},
title = {{SMC}$^2$: an Efficient Algorithm for Sequential Analysis of State Space Models},
journal=JRSSB,
volume = {75},
xnumber = {3},
issn = {1467-9868},
xurl = {http://dx.xdoi.org/10.1111/j.1467-9868.2012.01046.x},
pages = {397--426},
year = {2013},
}

@article{collins14,
	title = {Incorporating Heterogeneity into the Transmission Dynamics of a Waterborne Disease Model},
	journal = {Journal of Theoretical Biology},
	volume = {356},
	pages = {133-143},
	year = {2014},
	issn = {0022-5193},
	xdoi = {https://doi.org/10.1016/j.jtbi.2014.04.022},
	xurl = {https://www.sciencedirect.com/science/article/pii/S0022519314002422},
	author = {O.C. Collins and K.S. Govinder},
	keywords = {Cholera, Basic reproduction number, Disease dynamics}
}

@article{coulson04,
author = {Coulson, T. and Rohani, P. and Pascual, M.},
year = {2004},
title = {Skeletons, noise and population growth: The end of an old debate?},
journal = {Trends in Ecology and Evolution},
volume = {19},
pages = {359--364}
}

@ARTICLE{crisan02,xdoi={10.1109/78.984773},
title={A Survey of Convergence Results on Particle Filtering Methods for Practitioners},
author={Crisan, D. and Doucet, A.},
journal=TSP,
year={2002},
month={Mar},
volume={50},
xnumber={3},
pages={736-746},
ISSN={1053-587X}
}

@book{crisan11,
  title={The Oxford Handbook of Nonlinear Filtering},
  author={Crisan, Dan and Rozovskii, Boris},
  year={2011},
  publisher={Oxford University Press}
}

DDDDDDDDDDDDD

@article{dadlani2020,
  xdoi = {10.48550/ARXIV.2004.04675},
  xurl = {https://arxiv.org/abs/2004.04675},
  author = {Dadlani, Aresh and Afolabi, Richard O. and Jung, Hyoyoung and Sohraby, Khosrow and Kim, Kiseon},
  title = {Deterministic Models in Epidemiology: From Modeling to Implementation},
  journal = {arXiv:2004.04675},
  year = {2020},
}

@misc{dahabreh17,
	Title = {Modeling and Simulation in the Context of Health Technology Assessment: Review of Existing Guidance, Future Research Needs, and Validity Assessment},
	Author = {Dahabreh, Issa J and Chan, Jeffrey A and Earley, Amy and Moorthy, Denish and Avendano, Esther E and Trikalinos, Thomas A and Balk, Ethan M and Wong, John B},
	Publisher = {Agency for Healthcare Research and Quality (US), Rockville (MD)},
	Year = {2017},
	Series = {AHRQ Methods for Effective Health Care},
	xURL = {http://europepmc.org/books/NBK424024},
}

@article{decelles20,
	author = {Domenech de Cell{\`e}s, Matthieu and Casalegno, Jean-S{\'e}bastien and Lina, Bruno and Opatowski, Lulla},
	title = {Influenza May Facilitate the Spread of {SARS-CoV-2}},
	elocation-id = {2020.09.07.20189779},
	year = {2020},
	doi = {10.1101/2020.09.07.20189779},
	publisher = {Cold Spring Harbor Laboratory Press},
	URL = {https://www.medrxiv.org/content/early/2020/09/09/2020.09.07.20189779},
	eprint = {https://www.medrxiv.org/content/early/2020/09/09/2020.09.07.20189779.full.pdf},
	journal = {MedRxiv:2020.09.07.20189779}
}


@article{delmoral01,xdoi = "http://dx.xdoi.org/10.1016/S0246-0203(00)01064-5",
title = "On the Stability of Interacting Processes with Applications to Filtering and Genetic Algorithms ",
journal = "Annales de l'Institut Henri Poincare (B) Probability and Statistics ",
volume = "37",
xnumber = "2",
pages = "155--194",
year = "2001",
xurl = "http://www.sciencedirect.com/science/article/pii/S0246020300010645",
author = "Del Moral, P. and Guionnet, A.",
}


@incollection(delmoral01b,
author = "Del Moral, P and Jacod, J.",
year = 2001,
title = "Interacting Particle Filtering with Discrete Observations",
booktitle = "Sequential \mbox{M}onte \mbox{C}arlo Methods in Practice",
editor = "Doucet, A. and de Freitas, N. and Gordon, N. J.",
pages = "43--75",
publisher = "Springer",
address =  "New York"
)

@book{delMoral04,
Author = {Del Moral, P.},
Year = {2004},
Title = {{F}eynman-{K}ac Formulae: Genealogical and Interacting Particle Systems with Applications},
Publisher = {Springer},
Address = {New York}
}

@article{delmoral15,
  title={Sequential {M}onte {C}arlo with Highly Informative Observations},
  author={Del Moral, Pierre and Murray, Lawrence M},
  journal={Journal on Uncertainty Quantification},
  volume={3},
  xnumber={1},
  pages={969--997},
  year={2015},
  publisher={SIAM}
}

@article{delmoral17,
  title={Convergence Properties of Weighted Particle Islands with Application to the Double Bootstrap Algorithm},
  author={Del Moral, Pierre and Moulines, Eric and Olsson, Jimmy and Verg{\'e}, Christelle},
  journal={Stochastic Systems},
  volume={6},
  number={2},
  pages={367--419},
  year={2017},
  publisher={INFORMS}
}


@article{decelles18,
  title={The Impact of Past Vaccination Coverage and Immunity on Pertussis Resurgence},
  author={de Cell{\`e}s, Matthieu Domenech and Magpantay, Felicia MG and King, Aaron A and Rohani, Pejman},
  journal={Science Translational Medicine},
  volume={10},
  number={434},
  pages={eaaj1748},
  year={2018},
  publisher={American Association for the Advancement of Science}
}


@article{dobson14,
  title={Mathematical Models for Emerging Disease},
  author={Dobson, Andy},
  journal={Science},
  volume={346},
  number={6215},
  pages={1294--1295},
  year={2014},
  publisher={American Association for the Advancement of Science}
}

@article{domeyer22,
  author={Domeyer, Joshua E. and Lee, John D. and Toyoda, Heishiro and Mehler, Bruce and Reimer, Bryan},
  journal={IEEE Transactions on Human-Machine Systems},
  title={Driver-Pedestrian Perceptual Models Demonstrate Coupling: Implications for Vehicle Automation},
  year={2022},
  volume={},
  number={},
  pages={1-10},
  doi={10.1109/THMS.2022.3158201}
}

@article{domman2017,
author = {Daryl Domman  and Marie-Laure Quilici  and Matthew J. Dorman  and Elisabeth Njamkepo  and Ankur Mutreja  and Alison E. Mather  and Gabriella Delgado  and Rosario Morales-Espinosa  and Patrick A. D. Grimont  and Marcial Leonardo Lizárraga-Partida  and Christiane Bouchier  and David M. Aanensen  and Pablo Kuri-Morales  and Cheryl L. Tarr  and Gordon Dougan  and Julian Parkhill  and Josefina Campos  and Alejandro Cravioto  and François-Xavier Weill  and Nicholas R. Thomson },
title = {Integrated View of <i>Vibrio cholerae</i> in the Americas},
journal = {Science},
volume = {358},
number = {6364},
pages = {789-793},
year = {2017},
doi = {10.1126/science.aao2136},
URL = {https://www.science.org/doi/abs/10.1126/science.aao2136},
eprint = {https://www.science.org/doi/pdf/10.1126/science.aao2136}
}

@misc{donnelly18,
  title={Four principles to make evidence synthesis more useful for policy},
  author={Donnelly, Christl A and Boyd, Ian and Campbell, Philip and Craig, Claire and Vallance, Patrick and Walport, Mark and Whitty, Christopher JM and Woods, Emma and Wormald, Chris},
  year={2018},
  publisher={Nature Publishing Group UK London}
}

@article{donoho17,
  title={50 Years of Data Science},
  author={Donoho, David},
  journal={Journal of Computational and Graphical Statistics},
  volume={26},
  number={4},
  pages={745--766},
  year={2017},
  publisher={Taylor \& Francis}
}

@book(doucet01,
author = "Doucet, A. and de Freitas, N. and Gordon, N. J.",
year = 2001,
title = "Sequential \mbox{M}onte \mbox{C}arlo Methods in Practice",
address = "New York",
publisher = "Springer"
)


@article {doucet02,   xdoi = {10.1023/A:1013172322619},
   author = {Doucet, Arnaud and Godsill, Simon J. and Robert, Christian P.},
   title = {Marginal Maximum a Posteriori Estimation using {M}arkov Chain {M}onte {C}arlo},
   journal = {Statistics and Computing},
   publisher = {Springer Netherlands},
   keyword = {Mathematics and Statistics},
   pages = {77-84},
   volume = {12},
   issue = {1},
   xurl = {http://dx.xdoi.org/10.1023/A:1013172322619},
   year = {2002}
}

@incollection{doucet11,    url = {http://www.stats.ox.ac.uk/~doucet/doucet_johansen_tutorialPF2011.pdf},
    Author = {Doucet, Arnaud and Johansen, Adam},
    booktitle={Oxford Handbook of Nonlinear Filtering},
    editor={D. Crisan and B. Rozovsky},
    publisher={Oxford University Press},
    Title = {A Tutorial on Particle Filtering and Smoothing: Fifteen Years Later},
    year = {2011}
}

@article(doucet13, xurl="http://arxiv.org/abs/1304.5768",
author = "Doucet, A. and Jacob, P. E. and Rubenthaler, S.",
year = 2013,
title = "Derivative-Free Estimation of the Score Vector and Observed Information Matrix with Application to State-Space Models.",
journal = "Arxiv, {\small \texttt{http://arxiv.org/abs/1304.5768}}",
)

@Article{doucet15, text={Doucet, A, Pitt, MK, Deligiannidis, G, and Kohn, R (2015). Efficient implementation of Markov chain Monte Carlo when using an unbiased likelihood estimator. Biometrika 102:295-313.},
  doi={10.1093/biomet/asu075},
   Title={Efficient Implementation of {M}arkov Chain {M}onte {C}arlo when Using an Unbiased Likelihood Estimator},
  Author={Doucet, Arnaud and Pitt, M. K. and Deligiannidis, George and Kohn, Robert},
  Journal={Biometrika},
  Volume={102},
  Pages={295-313},
  Year={2015},
  Publisher={Biometrika Trust}
}

@article{du17,
title = {Evolution-Informed Forecasting of Seasonal Influenza {A} ({H3N2})},
author = {Du, X. and King, A.A. and Woods, R.J. and Pascual, M.},
xjournal = {Science Translational Medicine},
journal=STM,
year = {2017},
volume = {in press}
}

EEEEEEEEEEEE

@article{earn12,xdoi = {10.1059/0003-4819-156-3-201202070-00005}, author = {Earn, David J.D. and He, Daihai and Loeb, Mark B. and Fonseca, Kevin and Lee, Bonita E. and Dushoff, Jonathan},
title = {Effects of School Closure on Incidence of Pandemic Influenza in {A}lberta, {C}anada},
volume = {156},
xnumber = {3},
pages = {173-181},
year = {2012},
XURL = {http://www.annals.org/content/156/3/173.abstract},
eprint = {http://www.annals.org/content/156/3/173.full.pdf+html},
xjournal = {Annals of Internal Medicine},
journal = {Ann. Intern. Med.}
}

@article{ebert01,
  title={Ability of a Poor Man's Ensemble to Predict the Probability and Distribution of Precipitation},
  author={Ebert, Elizabeth E},
  journal=MWR,
  volume={129},
  number={10},
  pages={2461--2480},
  year={2001}
}

@article{egger17,
  title={Developing WHO guidelines: time to formally include evidence from mathematical modelling studies},
  author={Egger, Matthias and Johnson, Leigh and Althaus, Christian and Sch{\"o}ni, Anna and Salanti, Georgia and Low, Nicola and Norris, Susan L},
  journal={F1000Research},
  volume={6},
  year={2017},
  publisher={Faculty of 1000 Ltd}
}

@article{eisenberg13,
title = {Examining Rainfall and Cholera Dynamics in Haiti using Statistical and Dynamic Modeling Approaches},
journal = {Epidemics},
volume = {5},
number = {4},
pages = {197-207},
year = {2013},
issn = {1755-4365},
xdoi = {https://doi.org/10.1016/j.epidem.2013.09.004},
xurl = {https://www.sciencedirect.com/science/article/pii/S1755436513000431},
author = {Marisa C. Eisenberg and Gregory Kujbida and Ashleigh R. Tuite and David N. Fisman and Joseph H. Tien},
keywords = {Cholera, Mathematical modeling, Waterborne diseases, Rainfall, Haiti}
}

@Article{evensen96,
Author = {Evensen, G. and van Leeuwen, P. J.},
Year = {1996},
Title = {Assimilation of Geostat Altimeter Data for the \mbox{A}gulhas \mbox{C}urrent Using the Ensemble \mbox{K}alman Filter with a Quasigeostrophic Model},
Journal = MWR,
Volume = {124},
Pages = {58--96}
}

@Article{evensen00,
Author = {Evensen, G. and van Leeuwen, P. J.},
Year = {2000},
Title = {An Ensemble \mbox{K}alman Smoother for Nonlinear Dynamics},
Journal = MWR,
Volume = {128},
Pages = {1852--1867}
}

@ARTICLE{evensen09,xdoi={10.1109/MCS.2009.932223},
author={Evensen, G.},
journal={IEEE Transactions on Control Systems},
title={The Ensemble {Kalman} Filter for Combined State and Parameter Estimation},
year={2009},
volume={29},
xnumber={3},
pages={83--104},
ISSN={1066-033X},}

@book{evensen22,
  title={Data assimilation fundamentals: A unified formulation of the state and parameter estimation problem},
  author={Evensen, Geir and Vossepoel, Femke C and van Leeuwen, Peter Jan},
  year={2022},
  publisher={Springer Nature}
}

FFFFFFFFFFF

 @article{ferguson22,
 title={Haiti's Winning the Fight Against Cholera},
 url={https://www.forbes.com/sites/unicefusa/2022/03/22/haitis-winning-the-fight-against-cholera/?sh=265f6c9569db},
 journal={Forbes},
 publisher={Forbes Magazine},
 author={Ferguson, Sarah},
 year={2022},
 month={Apr}
 }

@article {ferreirai16,
	author = {Ferreira, Susana},
	title = {Cholera threatens {H}aiti after {H}urricane {M}atthew},
	volume = {355},
	pages = {i5516},
	year = {2016},
	xdoi = {10.1136/bmj.i5516},
	publisher = {BMJ Publishing Group Ltd},
	URL = {https://www.bmj.com/content/355/bmj.i5516},
	eprint = {https://www.bmj.com/content/355/bmj.i5516.full.pdf},
	journal = {BMJ}
}

@article{focks93b,
  title={Dynamic Life Table Model for {A}edes Aegypti ({D}iptera: {C}ulicidae): Simulation Results and Validation},
  author={Focks, DA and Haile, DG and Daniels, E and Mount, GA},
  xjournal={Journal of Medical Entomology},
  journal=JME,
  volume={30},
  number={6},
  pages={1018--1028},
  year={1993},
  publisher={Oxford University Press Oxford, UK}
}

@article{fox22,
  title={Real-time pandemic surveillance using hospital admissions and mobility data},
  author={Fox, Spencer J and Lachmann, Michael and Tec, Mauricio and Pasco, Remy and Woody, Spencer and Du, Zhanwei and Wang, Xutong and Ingle, Tanvi A and Javan, Emily and Dahan, Maytal and Gaither, Kelly and Escott, Mark E and Adler, Stephen I and Johnston, S Claiborne and Scott, James G and Meyers, Lauren A},
  journal=PNAS,
  volume={119},
  number={7},
  pages={e2111870119},
  year={2022},
  publisher={National Acad Sciences}
}

@article{francois20,
  title={Cholera Remains a Public Health Threat in Haiti},
  author={Francois, Jeannot},
  journal={The Lancet Global Health},
  volume={8},
  number={8},
  pages={e984},
  year={2020},
  publisher={Elsevier}
}


GGGGGGGGGGGGG

@article{gaetan03,     xurl = {http://www.jstor.org/stable/30042072},
     title = {A Multiple-Imputation {M}etropolis Version of the {EM} Algorithm},
     author = {Gaetan, Carlo and Yao, Jian-Feng},
     journal = {Biometrika},
     volume = {90},
     xnumber = {3},
     pages = {643--654},
     ISSN = {00063444},
     year = {2003},
     publisher = {Biometrika Trust},
    }

@article{ganusov16,
  title={Strong Inference in Mathematical Modeling: a Method for Robust Science in the Twenty-First Century},
  author={Ganusov, Vitaly V},
  journal={Frontiers in Microbiology},
  volume={7},
  pages={1131},
  year={2016},
  publisher={Frontiers Media SA}
}

@article{gentleman07,
  title={Statistical Analyses and Reproducible Research},
  author={Gentleman, Robert and Temple Lang, Duncan},
  journal={Journal of Computational and Graphical Statistics},
  volume={16},
  number={1},
  pages={1--23},
  year={2007},
  publisher={Taylor \& Francis}
}

@article{giordano20,
  title={Modelling the COVID-19 Epidemic and Implementation of Population-Wide Interventions in Italy},
  author={Giordano, Giulia and Blanchini, Franco and Bruno, Raffaele and Colaneri, Patrizio and Di Filippo, Alessandro and Di Matteo, Angela and Colaneri, Marta},
  journal={Nature Medicine},
  volume={26},
  number={6},
  pages={855--860},
  year={2020},
  publisher={Nature Publishing Group}
}

@article{gneiting07,
  title={Strictly Proper Scoring Rules, Prediction, and Estimation},
  author={Gneiting, Tilmann and Raftery, Adrian E},
  journal=JASA,
  volume={102},
  number={477},
  pages={359--378},
  year={2007},
  publisher={Taylor \& Francis}
}

@article{gordon93,
author = "Gordon, N.J. and Salmond, D. J. and Smith, A. F. M.",
year = 1993,
title = "Novel Approach to Nonlinear/Non-\mbox{G}aussian \mbox{B}ayesian State Estimation",
journal = "IEE Proceedings--F",
volume = 140,
number = 2,
pages = "107--113"
}

@article{grad12,
  title={Cholera Modeling: Challenges to Quantitative Analysis and Predicting the Impact of Interventions},
  author={Grad, Yonatan H and Miller, Joel C and Lipsitch, Marc},
  journal={Epidemiology},
  volume={23},
  number={4},
  pages={523},
  year={2012},
  publisher={NIH Public Access}
}

@article{green15,
title = {Simple Versus Complex Forecasting: The Evidence},
journal = {Journal of Business Research},
volume = {68},
number = {8},
pages = {1678-1685},
year = {2015},
note = {Special Issue on Simple Versus Complex Forecasting},
issn = {0148-2963},
xdoi = {https://doi.org/10.1016/j.jbusres.2015.03.026},
xurl = {https://www.sciencedirect.com/science/article/pii/S014829631500140X},
author = {Kesten C. Green and J. Scott Armstrong},
keywords = {Analytics, Big data, Decision-making, Decomposition, Econometrics, Occam’s razor}
}

@article{grueber11,
  author = {Grueber, C. E. and Nakagawa, S. and Laws, R. J. and Jamieson, I. G.},
  title = {Multimodel inference in ecology and evolution: challenges and solutions},
  journal = {Journal of Evolutionary Biology},
  volume = {24},
  number = {4},
  pages = {699-711},
  keywords = {Akaike Information Criterion, generalized linear mixed models, inbreeding, information theory, lethal equivalents, model averaging, random factors, standardized predictors},
  doi = {https://doi.org/10.1111/j.1420-9101.2010.02210.x},
  xurl = {https://onlinelibrary.wiley.com/doi/abs/10.1111/j.1420-9101.2010.02210.x},
  xeprint = {https://onlinelibrary.wiley.com/doi/pdf/10.1111/j.1420-9101.2010.02210.x},
  year = {2011}
}

@article{guarniero17,
  title={The Iterated Auxiliary Particle Filter},
  author={Guarniero, Pieralberto and Johansen, Adam M and Lee, Anthony},
  xjournal={Journal of the American Statistical Association},
  journal=JASA,
  volume={112},
  xnumber={520},
  pages={1636--1647},
  year={2017},
  publisher={Taylor \& Francis}
}

@book{gubler14,
  title={Dengue and Dengue Hemorrhagic Fever.},
  author={Gubler, D.J. and  Ooi, E.E. and  Vasudevan, S. and  Farrar, J.},
  year={2014},
  edition={2nd},
  publisher={CABI International},
  address={Wallingford,UK}
}


@article{gubler95, doi="10.3201/eid0102.950204",
  title={Dengue-Dengue Hemorrhagic Fever: The Emergence of a Global Health Problem},
  author={Gubler, D.J. and Clark, G.C.},
  journal={Emerging Infectious Diseases},
  volume={1},
  xnumber={2},
  pages={55--57},
  year={1995},
}

@article{guillaume18,
  title={Responding to Cholera in Hait{i}: Implications for the National Plan to Eliminate Cholera by 2022},
  author={Guillaume, Yodeline and Ternier, Ralph and Vissieres, Kenia and Casseus, Alain and Chery, Maurice J and Ivers, Louise C},
  journal={The Journal of Infectious Diseases},
  volume={218},
  number={suppl\_3},
  pages={S167--S170},
  year={2018},
  publisher={Oxford University Press US}
}

HHHHHHHHHHHHH

@article{hastings70,
  title={Monte {C}arlo Sampling Methods Using {M}arkov Chains and their Applications},
  author={Hastings, W Keith},
  journal={Biometrika},
  volume={57},
  xnumber={1},
  pages={97--109},
  year={1970},
  publisher={Biometrika Trust}
}

@article(he10, xdoi="10.1098/rsif.2009.0151",text={He, D., Ionides, E. L. and King, A. A. (2010). Plug-and-play inference for disease dynamics: Measles in large and small towns as a case study. J. Roy. Soc. Interface 7:271-283},
author = "He, D. and Ionides, E. L. and King, A. A.",
year = 2010,
title = "Plug-and-Play Inference for Disease Dynamics:
  Measles in Large and Small Towns as a Case Study",
journal = JRSI,
xjournal = "Journal of the Royal Society Interface",
volume = "7",
pages = "271--283 "
)

@article{he11,xdoi={10.1007/s12080-011-0123-3},
   author = {He, Daihai and Dushoff, Jonathan and Day, Troy and Ma, Junling and Earn, David},
   title = {Mechanistic Modelling of the Three Waves of the 1918 Influenza Pandemic},
   xjournal = {Theoretical Ecology},
   journal = {Theor. Ecol.},
   publisher = {Springer Netherlands},
   pages = {283--288},
   volume = 4,
   year = {2011}
}

@Article{he13,  xdoi = {10.1098/rspb.2013.1345},
  Title                    = {Inferring the Causes of the Three Waves of the 1918 Influenza Pandemic in {E}ngland and {W}ales.},
  Author                   = {He, Daihai and Dushoff, Jonathan and Day, Troy and Ma, Junling and Earn, David J D.},
  Journal                  = PRSB,
  Year                     = {2013},
  Xnumber                   = {1766},
  Pages                    = {20131345},
  Volume                   = {280},
}

@article{henrys20,
  title={Cholera in Haiti},
  author={Henrys, Jean Hugues and Lerebours, G{\'e}rald and Achille, M{\'e}lody Aude and Moise, Kenny and Raccurt, Christian},
  journal={The Lancet Global Health},
  volume={8},
  number={12},
  pages={e1469},
  year={2020},
  publisher={Elsevier}
}

@article{hoeting99,
  author = {Jennifer A. Hoeting and David Madigan and Adrian E. Raftery and Chris T. Volinsky},
  title = {{Bayesian model averaging: a tutorial (with comments by M. Clyde, David Draper and E. I. George, and a rejoinder by the authors}},
  volume = {14},
  journal = {Statistical Science},
  number = {4},
  publisher = {Institute of Mathematical Statistics},
  pages = {382 -- 417},
  keywords = {Bayesian graphical models, Bayesian model averaging,   learning, Markov chain Monte Carlo, model uncertainty},
  year = {1999},
  doi = {10.1214/ss/1009212519},
  xURL = {https://doi.org/10.1214/ss/1009212519}
}

@article{hulland19,
  title={Increase in reported cholera cases in Haiti following Hurricane Matthew: an interrupted time series model},
  author={Hulland, Erin and Subaiya, Saleena and Pierre, Katilla and Barthelemy, Nickolson and Pierre, Jean Samuel and Dismer, Amber and Juin, Stanley and Fitter, David and Brunkard, Joan},
  journal={The American journal of tropical medicine and hygiene},
  volume={100},
  number={2},
  pages={368},
  year={2019},
  publisher={The American Society of Tropical Medicine and Hygiene}
}

IIIIIIIIIII

@ARTICLE{ingber93,xdoi={10.1016/0895-7177(93)90204-C},
    xurl={http://www.sciencedirect.com/science/article/B6V0V-45GN6F6-7R/2/89213d81ef696b4fb68b1a66741d118c},
    author = {Ingber, L.},
    title = {Simulated annealing: Practice Versus Theory},
    journal = {Mathematical and Computer Modelling},
    year = {1993},
    volume = {18},
    pages = {29--57}
}

@article{ioannidis20,
  title={Forecasting for {COVID}-19 has Failed},
  author={Ioannidis, John PA and Cripps, Sally and Tanner, Martin A},
  journal={International Journal of Forecasting},
  year={2020},
  publisher={Elsevier}
}

@article(ionides06-pnas,xdoi="10.1073/pnas.0603181103",
author = "Ionides, E. L. and Bret\'{o}, C. and King, A. A.",
year = 2006,
title = "Inference for Nonlinear Dynamical Systems",
journal = PNAS,
xjournal = "Proceedings of the National Academy of Sciences of the USA",
volume = "103",
pages = "18438--18443"
)

@article {ionides08,	doi = "10.1198/106186008X320456",
	author = "Ionides, Edward L.",
	title = "Truncated Importance Sampling",
	journal = JCGS,
	volume = "17",
	year = "June 2008",
	pages = "295--311",
	url = "http://www.ingentaconnect.com/content/asa/jcgs/2008/00000017/00000002/art00003"
}

@article{ionides11,xdoi="10.1214/11-AOS886",
  author = {Ionides, Edward L. and Bhadra, Anindya and Atchad\'{e}, Y.  and  King, Aaron A.},
  title = {Iterated Filtering},
  year = 2011,
  journal = AOS,
  volume = 39,
  pages = "1776--1802"
}

@Article{ionides15,text={Ionides, EL, D Nguyen, Y Atchade, S Stoev and AA King. (2015). Inference for dynamic and latent variable models via iterated, perturbed Bayes maps. PNAS 112:719-724.},
Author = {Ionides, Edward L. and Nguyen, Dao and Atchad\'{e}, Yves and Stoev, Stilian and King, Aaron A.},
Title = {Inference for Dynamic and Latent Variable Models via Iterated, Perturbed {B}ayes Maps},
Year = {2015},
xdoi = {10.1073/pnas.1410597112},
xURL = {http://www.pnas.org/content/early/2015/01/07/1410597112.abstract},
eprint = {http://www.pnas.org/content/early/2015/01/07/1410597112.full.pdf+html},
Journal = PNAS,
xJournal = {Proceedings of the National Academy of Sciences of USA},
Volume = 112,
Number =  3,
Pages = "719–-724"
}

@article{ionides17,
  title={Monte {C}arlo Profile Confidence Intervals for Dynamic Systems},
  author={Ionides, Edward L and Breto, Carles and Park, Joonha and Smith, Richard A and King, Aaron A},
  xjournal={Journal of the Royal Society Interface},
  journal=JRSI,
  volume={14},
  pages={1--10},
  year={2017}
}

@Article{ionides17-tas,
  Author = {Ionides, E. L. and Giessing, A. and Ritov, Y. and Page, S. E.},
  Title = {Response to the {ASA}'s Statement on P-Values: Context, Process, and Purpose},
  Journal = {The American Statistician},
  Volume = {71},
  xNumber = {1},
  Pages = {88-89},
  Year = {2017},
  Doi = {10.1080/00031305.2016.1234977},
}

@article{ionides21,
  author = {Edward L. Ionides and Kidus Asfaw and Joonha Park and Aaron A. King},
  title = {Bagged filters for partially observed interacting systems},
  journal = {Journal of the American Statistical Association},
  volume = {pre-published online},
  xnumber = {ja},
  xpages = {1-33},
  year  = {2021},
  publisher = {Taylor & Francis},
  doi = {10.1080/01621459.2021.1974867},
  URL = {https://doi.org/10.1080/01621459.2021.1974867},   
  eprint = {https://doi.org/10.1080/01621459.2021.1974867}  
}

@article{ionides22,
  xdoi = {10.48550/ARXIV.2206.03837},
  xurl = {https://arxiv.org/abs/2206.03837},
  author = {Ionides, Edward L. and Ning, Ning and Wheeler, Jesse},
  title = {An Iterated Block Particle Filter for Inference on Coupled Dynamic Systems with Shared and Unit-Specific Parameters},
  journal = {Statistica Sinica,},
  pages={pre-published online},
  year = {2022},
}

JJJJJJJJJJJJJJ

@article{jirak16,
  title={Berry--{E}sseen Theorems Under Weak Dependence},
  author={Jirak, Moritz},
  journal={The Annals of Probability},
  volume={44},
  number={3},
  pages={2024--2063},
  year={2016},
  publisher={Institute of Mathematical Statistics}
}

@article(johansen08, xdoi="xdoi:10.1016/j.spl.2008.01.032",xurl={http://www2.warwick.ac.uk/fac/sci/statistics/staff/academic/johansen/publications/JD08.pdf},
author = "A. M. Johansen and A. Doucet",
year = 2008,
title = "A Note on the Auxiliary Particle Filter",
journal = SPL,
volume = 78,
pages = "1498--1504"
)

@ARTICLE{julier04,xdoi={10.1109/JPROC.2003.823141},
author={Julier, S.J. and Uhlmann, J.K.},
journal={Proc. IEEE},
xjournal={Proceedings of the IEEE},
title={Unscented Filtering and Nonlinear Estimation},
year={2004},
xmonth=mar,
volume={92},
xnumber={3},
pages={401--422}
}

KKKKKKKKKKKKK

@article{katzfuss19,
  title={Ensemble {K}alman Methods for High-Dimensional Hierarchical Dynamic Space-Time Models},
  author={Katzfuss, Matthias and Stroud, Jonathan R and Wikle, Christopher K},
  xjournal={Journal of the American Statistical Association},
  journal=JASA,
  volume={115},
  number={530},
  pages={866--885},
  year={2020},
   publisher={Taylor \& Francis}
}


@book(keeling09,
author = "Keeling, M and Rohani, P.",
year = 2009,
title = "Modeling Infectious Diseases in Humans and Animals",
publisher = PUP,
address = "Princeton, NJ"
)

@article{kermack1927,
  title={A Contribution to the Mathematical Theory of Epidemics},
  author={Kermack, William Ogilvy and McKendrick, Anderson G},
  journal={Proceedings of the Royal Society of London, Series A},
  volume={115},
  number={772},
  pages={700--721},
  year={1927},
  publisher={The Royal Society London}
}

@article{kevrekidis04,
  doi={10.1002/aic.10106},
  rmdCite={<a href="http://dx.doi.org/10.1002/aic.10106">@kevrekidis04</a>},
  author = {Kevrekidis, I. G. and  Gear, C. W.  and  Hummer, G.},
  year = {2004},
  title = "Equation-Free: The Computer-Assisted Analysis of Complex, Multiscale Systems",
  journal = AICEJ,
  volume = {50},
  pages = {1346--1354}
}

@article{kevrekidis09,
  title={Equation-Free Multiscale Computation: Algorithms and Applications},
  author={Kevrekidis, Ioannis G and Samaey, Giovanni},
  journal={Annual Review of Physical Chemistry},
  volume={60},
  pages={321--344},
  year={2009}
}

@article(king08, xdoi={10.1038/nature07084},
author = "A. A. King and E. L. Ionides and M. Pascual and M. J. Bouma",
year = 2008,
title = "Inapparent Infections and Cholera Dynamics",
journal = "Nature",
volume = "454",
pages = "877--880"
)

@article{king15,
  title={Avoidable Errors in the Modelling of Outbreaks of Emerging Pathogens, with Special Reference to Ebola},
  author={King, Aaron A and Domenech de Cell{\`e}s, Matthieu and Magpantay, Felicia MG and Rohani, Pejman},
  journal={Proceedings of the Royal Society B: Biological Sciences},
  volume={282},
  number={1806},
  pages={20150347},
  year={2015},
  publisher={The Royal Society}
}

@Article{king16, doi={}, text={King, A. A., Nguyen, D. and  Ionides, E. L. (2016). Statistical Inference for Partially Observed Markov Processes via the R Package pomp. Journal of Statistical Software 69:1-43.},
Author = {King, A. A. and Nguyen, D. and  Ionides, E. L.},
Year = {2016},
Title = {Statistical Inference for Partially Observed {M}arkov Processes via the {R} Package pomp},
Journal ={Journal of Statistical Software},
Volume = {69},
Pages = {1--43}
}

@Article{king2020Subplex,
    title = {\texttt{subplex}: Unconstrained Optimization using the Subplex Algorithm},
    author = {Aaron A. King and Tom Rowan},
Journal ={\upshape{R package, available at \texttt{https://cran.r-project.org/web/packages/subplex}}},
    year = {2020},
    xurl = {https://CRAN.R-project.org/package=subplex},
  }

@article{kirkpatrick83,
  title={Optimization by Simmulated Annealing},
  author={Kirkpatrick, Scott and Gelatt, C. D. and Vecchi, Mario P},
  journal={Science},
  volume={220},
  xnumber={4598},
  pages={671--680},
  year={1983},
  publisher={Washington}
}


@article(kitagawa98, xurl="http://www.jstor.org/stable/2669862",
author = "Kitagawa, G.",
year = 1998,
title = "A Self-Organising State-Space Model",
journal = JASA,
xjournal = "Journal of the American Statistical Association",
volume = 93,
pages = "1203--1215"
)

@misc{pomp2,
  title = {pomp: Statistical Inference for Partially Observed Markov Processes},
howpublished={R package, available at {\small \texttt{http://cran.r-project.org/web/packages/pomp}}},
  author = {Aaron A. King and Edward L. Ionides and Carles Martinez Bret\'o and	Steve Ellner and Bruce Kendall},
  year = {2009},
  xurl = {http://pomp.r-forge.r-rproject.org}
}


LLLLLLLLLLLLLLLLLL

@article(laneri10, xdoi={10.1371/journal.pcbi.1000898}, text={Laneri, K, A Bhadra, EL Ionides, M Bouma, R Yadav, R Dhiman and M Pascual (2010). Forcing versus feedback: Epidemic malaria and monsoon rains in NW India. PLoS Computational Biology 6:e1000898. http://dx.doi.org//10.1371/journal.pcbi.1000898},
author = "Karina Laneri  and Anindya Bhadra and Edward L. Ionides and Menno Bouma and R. Yadav and R. Dhiman and  Mercedes Pascual",
year=2010,
title = "Forcing Versus Feedback: Epidemic Malaria and Monsoon Rains in {NW} {I}ndia",
journal =PLoS-CompBio,
volume = "6",
pages = "e1000898"
)

@article{lau22,
  title={Comparing and linking machine learning and semi-mechanistic models for the predictability of endemic measles dynamics},
  author={Lau, Max SY and Becker, Alex and Madden, Wyatt and Waller, Lance A and Metcalf, C Jessica E and Grenfell, Bryan T},
  journal={PLoS computational biology},
  volume={18},
  number={9},
  pages={e1010251},
  year={2022},
  publisher={Public Library of Science San Francisco, CA USA}
}

@article{lee16,
  title={State Estimation and Prediction Using Clustered Particle Filters},
  author={Lee, Yoonsang and Majda, Andrew J},
  xjournal={Proceedings of the National Academy of Sciences},
  journal=PNAS,
  volume={113},
  number={51},
  pages={14609--14614},
  year={2016},
  publisher={National Acad Sciences}
}

@article{lee20,
  title={Achieving Coordinated National Immunity and Cholera Elimination in {H}aiti Through Vaccination: A Modelling Study},
  author={Lee, Elizabeth C and Chao, Dennis L and Lemaitre, Joseph C and Matrajt, Laura and Pasetto, Damiano and Perez-Saez, Javier and Finger, Flavio and Rinaldo, Andrea and Sugimoto, Jonathan D and Halloran, M Elizabeth and  Longini, Ira M and Ternier, Ralph and Vissieres,  Kenia and Azman,  Andrew S and Lessler, Justin  and  Ivers, Louise C},
  journal={The Lancet Global Health},
  volume={8},
  number={8},
  pages={e1081--e1089},
  year={2020},
  publisher={Elsevier}
}

@article{lee20sup,
  title={Supplement to: Achieving Coordinated National Immunity and Cholera Elimination in {H}aiti Through Vaccination: A Modelling Study},
  author={Lee, Elizabeth C and Chao, Dennis L and Lemaitre, Joseph C and Matrajt, Laura and Pasetto, Damiano and Perez-Saez, Javier and Finger, Flavio and Rinaldo, Andrea and Sugimoto, Jonathan D and Halloran, M Elizabeth and  Longini, Ira M and Ternier, Ralph and Vissieres,  Kenia and Azman,  Andrew S and Lessler, Justin  and  Ivers, Louise C},
  journal={The Lancet Global Health},
  volume={8},
  number={8},
  pages={e1081--e1089},
  year={2020},
  publisher={Elsevier}
}

@article{leeReply20,
  title={Cholera in Haiti--Authors' Reply},
  author={Lee, Elizabeth C and Ternier, Ralph and Lessler, Justin and Azman, Andrew S and Ivers, Louise C},
  journal={The Lancet Global Health},
  volume={8},
  number={12},
  pages={e1470--e1471},
  year={2020},
  publisher={Elsevier}
}

@Article{lei10,        DOI={doi: 10.1175/2009MWR3133.1}, Author={Lei, Jing and Bickel, Peter and Snyder, Chris},
        Title={Comparison of Ensemble {K}alman Filters under Non-{G}aussianity},
        Journal=MWR,
        Pages={1293--1306},
        Year={2010},
        Volume={138},
        Number={4},
        URL={http://dx.doi.org/10.1175/2009MWR3133.1},
}

@article{lemaitre20,
  title={Assessing the Impact of Non-Pharmaceutical Interventions on {SARS}-{CoV}-2 Transmission in {S}witzerland},
  author={Lemaitre, Joseph Chadi and Perez-Saez, Javier and Azman, Andrew and Rinaldo, Andrea and Fellay, Jacques},
  journal={Swiss Medical Weekly},
  year={2020},
  volume={150},
  pages={w20295}
}

@article{lemaitre19,
title = {Rainfall as a Driver of Epidemic Cholera: Comparative Model Assessments of the Effect of Intra-Seasonal Precipitation Events},
journal = {Acta Tropica},
volume = {190},
pages = {235-243},
year = {2019},
issn = {0001-706X},
xdoi = {https://doi.org/10.1016/j.actatropica.2018.11.013},
xurl = {https://www.sciencedirect.com/science/article/pii/S0001706X18300500},
author = {Joseph Lemaitre and Damiano Pasetto and Javier Perez-Saez and Carla Sciarra and Joseph Francis Wamala and Andrea Rinaldo},
keywords = {Epidemiological drivers, Waterborne disease epidemics, Juba, South Sudan, Environmental exposure}
}

@article{leutbecher08,
  title={Ensemble Forecasting},
  author={Leutbecher, Martin and Palmer, Tim N},
  journal={Journal of Computational Physics},
  volume={227},
  number={7},
  pages={3515--3539},
  year={2008},
  publisher={Elsevier}
}

@article{lewis22,
author = {Lewis, Abigail S. L. and Rollinson, Christine R. and Allyn, Andrew J. and Ashander, Jaime and Brodie, Stephanie and Brookson, Cole B. and Collins, Elyssa and Dietze, Michael C. and Gallinat, Amanda S. and Juvigny-Khenafou, Noel and Koren, Gerbrand and McGlinn, Daniel J. and Moustahfid, Hassan and Peters, Jody A. and Record, Nicholas R. and Robbins, Caleb J. and Tonkin, Jonathan and Wardle, Glenda M.},
title = {The Power of Forecasts to Advance Ecological Theory},
journal = {Methods in Ecology and Evolution,},
year = {2022},
xvolume = {},
pages={pre-published online},
number = {},
xdoi = {https://doi.org/10.1111/2041-210X.13955},
xurl = {https://besjournals.onlinelibrary.wiley.com/doi/abs/10.1111/2041-210X.13955},
eprint = {https://besjournals.onlinelibrary.wiley.com/doi/pdf/10.1111/2041-210X.13955}
}

@article{li20,
  title={Substantial Undocumented Infection Facilitates the Rapid Dissemination of Novel Coronavirus ({SARS}-{CoV}-2)},
  author={Li, Ruiyun and Pei, Sen and Chen, Bin and Song, Yimeng and Zhang, Tao and Yang, Wan and Shaman, Jeffrey},
  journal={Science},
  volume={368},
  number={6490},
  pages={489--493},
  year={2020},
  publisher={American Association for the Advancement of Science}
}

@article{li23,
  title={Machine Learning for Mechanistic Models of Metapopulation Dynamics},
  author={Li, Jifan and Ionides, Edward L and King, Aaron A and Pascual, Mercedes and Ning, Ning},
  journal={arxiv:2311.06702},
  year={2023}
}

@article{lindsay97,
  title={On Second-Order Optimality of the Observed {F}isher Information},
  author={Lindsay, Bruce G and Li, Bing},
  xjournal={The Annals of Statistics},
  journal=AOS,
  volume={25},
  number={5},
  pages={2172--2199},
  year={1997},
  publisher={Institute of Mathematical Statistics}
}

@book(liu01,
author = "Liu, J. S.",
year = 2001,
title = "Monte \mbox{C}arlo Strategies in Scientific Computing",
publisher = "Springer",
address = "New York",
xDOI = {10.1007/978-0-387-76371-2}
)

@article{lofgren14,
  title={Mathematical models: A key tool for outbreak response},
  author={Lofgren, Eric T and Halloran, M Elizabeth and Rivers, Caitlin M and Drake, John M and Porco, Travis C and Lewis, Bryan and Yang, Wan and Vespignani, Alessandro and Shaman, Jeffrey and Eisenberg, Joseph NS and Eisenbergg,  Marisa C. and  Marathea, Madhav andScarpinoi,  Samuel V. and  Alexander, Kathleen A. and  Meza, Rafael and  Ferrari, Matthew J. andHyman,  James M.  and  Meyers, Lauren A. and  Eubank, Stephen},
  xjournal={Proceedings of the National Academy of Sciences},
  journal=PNAS,
  volume={111},
  number={51},
  pages={18095--18096},
  year={2014},
  publisher={National Acad Sciences}
}

@article{lorenz96,
	title = {Predictability: A Problem Partly Solved},
	journal = {Proceedings of the Seminar on Predictability},
	volume = {1},
	year = {1996},
	pages = {1-18},
	publisher = {ECMWF},
	organization = {ECMWF},
	address = {Shinfield Park, Reading},
	author = {Lorenz, E. N.}
}

@incollection(janeliu01, text={Liu, J and West, M. (2001). Combining Parameter and State Estimation in Simulation-Based Filtering. In "Sequential Monte Carlo Methods in Practice" (edited by Doucet, A., de Freitas, N. and Gordon, N. J.)},
author = "Liu, J and West, M.",
year = 2001,
title = "Combining Parameter and State Estimation in Simulation-Based Filtering",
booktitle = "Sequential \mbox{M}onte \mbox{C}arlo Methods in Practice",
editor = "Doucet, A. and de Freitas, N. and Gordon, N. J.",
pages = "197--224",
publisher = "Springer",
address = "New York"
)

@article{lloyd2001,
  title={Destabilization of Epidemic Models with the Inclusion of Realistic Distributions of Infectious Periods},
  author={Lloyd, Alun L},
  journal={Proc R Soc Lond B},
  volume={268},
  number={1470},
  pages={985--993},
  year={2001},
  publisher={The Royal Society}
}

@ARTICLE{ljung79,
author={ Ljung, L.},
journal={Automatic Control, IEEE Transactions on},
title={Asymptotic Behavior of the Extended {K}alman Filter as a Parameter Estimator for Linear Systems},
year={1979},
month={feb},
volume={24},
xnumber={1},
pages={ 36 - 50},
keywords={ Kalman filtering; Linear systems, stochastic discrete-time; Parameter estimation;},
xdoi={10.1109/TAC.1979.1101943},
ISSN={0018-9286},}

@article{title,
  lofgren14={Mathematical models: A key tool for outbreak response},
  author={Lofgren, Eric T and Halloran, M Elizabeth and Rivers, Caitlin M and Drake, John M and Porco, Travis C and Lewis, Bryan and Yang, Wan and Vespignani, Alessandro and Shaman, Jeffrey and Eisenberg, Joseph NS and others},
  journal={Proceedings of the National Academy of Sciences},
  volume={111},
  number={51},
  pages={18095--18096},
  year={2014},
  publisher={National Acad Sciences}
}

@inproceedings{lucas76,
  title={Econometric Policy Evaluation: A Critique},
  author={Lucas, Robert E and others},
  booktitle={Carnegie-Rochester Conference Series on Public Policy},
  volume={1},
  number={1},
  pages={19--46},
  year={1976}
}

MMMMMMMMMMMMMMMM

@article{marino18,
  title={Evaluating Consumptive and Nonconsumptive Predator Effects on Prey Density using Field Times Series Data},
  author={Marino, J. A. and Peacor, S. D.  and Bunnell, D. B.  and Vanderploeg, H. A. and Pothoven, S. A. and Elgin, A. K. and Bence, J. R. and Jiao, J. and Ionides, E. L.},
  journal={Ecology},
  volume={100},
  number={3},
  pages={e02583},
  year={2019},
  publisher={Wiley Online Library}
}

@Article{marjoram03,
  Doi = {10.1073/pnas.0306899100},
  rmdCite={<a href="http://dx.doi.org/10.1073/pnas.0306899100">@marjoram03</a>},
  Author = {Marjoram, Paul and Molitor, John and Plagnol, Vincent and Tavar\'{e}, Simon},
  Title = {Markov Chain {M}onte {C}arlo Without Likelihoods},
  Volume = {100},
  Xnumber = {26},
  Pages = {15324-15328},
  Year = {2003},
  Journal = PNAS,
}


@Article{martinez17,
  author       = {Martinez, Pamela P. and Reiner, Robert C. and Cash, Benjamin A. and Rod{\'{o}}, Xavier and Shahjahan Mondal, Mohammad and Roy, Manojit and Yunus, Mohammad and Faruque, A. S. G. and Huq, Sayeeda and King, Aaron A. and Pascual, Mercedes},
  title        = {Cholera Forecast for {Dhaka}, {Bangladesh}, with the 2015--2016{ El Ni\~no}: Lessons Learned},
  journal      = {PLoS ONE},
  year         = {2017},
  volume       = {12},
  pages        = {e0172355},
  issn         = {1932-6203},
  country      = {United States},
  doi          = {10.1371/journal.pone.0172355},
  pmid         = {28253325},
}

@article{may04,
  title={Uses and abuses of mathematics in biology},
  author={May, Robert M},
  journal={science},
  volume={303},
  number={5659},
  pages={790--793},
  year={2004},
  publisher={American Association for the Advancement of Science}
}

@book{mayo18,
  title={Statistical Inference as Severe Testing},
  author={Mayo, Deborah G},
  year={2018},
  publisher={Cambridge: Cambridge University Press}
}

@article{mccabe21,
  title={Disease transmission and control modelling at the science--policy interface},
  author={McCabe, Ruth and Donnelly, Christl A},
  journal={Interface Focus},
  volume={11},
  number={6},
  pages={20210013},
  year={2021},
  publisher={The Royal Society}
}

@article{metropolis53,
  title={Equation of State Calculations by Fast Computing Machines},
  author={Metropolis, Nicholas and Rosenbluth, Arianna W and Rosenbluth, Marshall N and Teller, Augusta H and Teller, Edward},
  xjournal={The Journal of Chemical Physics},
  journal=JCP,
  volume={21},
  xnumber={6},
  pages={1087--1092},
  year={1953},
  publisher={AIP Publishing}
}

@article{michel19,
  title={Estimating Effectiveness of Case-Area Targeted Response Interventions Against Cholera in {H}aiti},
  author={Michel, Edwige and Gaudart, Jean and Beaulieu, Samuel and Bulit, Gregory and Piarroux, Martine and Boncy, Jacques and Dely, Patrick and Piarroux, Renaud and Rebaudet, Stanislas},
  journal={Elife},
  volume={8},
  pages={e50243},
  year={2019},
  publisher={eLife Sciences Publications Limited}
}

@article{molodecky23,
  title={Modelling the spread of serotype-2 vaccine derived-poliovirus outbreak in {P}akistan and {A}fghanistan to inform outbreak control strategies in the context of the {COVID-19} pandemic},
  author={Molodecky, Natalia A and Jafari, Hamid and Safdar, Rana M and Ahmed, Jamal A and Mahamud, Abdirahman and Bandyopadhyay, Ananda S and Shukla, Hemant and Quddus, Arshad and Zaffran, Michel and Sutter, Roland W and Grassly, Nicholas C and Blake, Isobel M},
  journal={Vaccine},
  volume={41},
  pages={A93--A104},
  year={2023},
  publisher={Elsevier}
}

@article{mondini08,
title = {Spatial Correlation of Incidence of Dengue with Socioeconomic, Demographic and Environmental Variables in a {B}razilian City},
author = {Mondini, A. and Chiaravalloti-Neto, F.},
journal={Science of the Total Environment},
year = {2008},
volume = {393},
pages = {241-248}
}

@article{murphy2000,
author = { S. A.   Murphy  and  A. W.   Van Der Vaart },
title = {On Profile Likelihood},
journal = {Journal of the American Statistical Association},
volume = {95},
number = {450},
pages = {449-465},
year  = {2000},
publisher = {Taylor & Francis},
doi = {10.1080/01621459.2000.10474219},

URL = {
        https://www.tandfonline.com/doi/abs/10.1080/01621459.2000.10474219

},
eprint = {
        https://www.tandfonline.com/doi/pdf/10.1080/01621459.2000.10474219

}

}

NNNNNNNNNNNNNNN

@article{ndii17,
  title={Stochastic Mathematical Models in Epidemiology},
  author={Ndii, Meksianis Z and Supriatna, Asep K},
  journal={Information},
  volume={20},
  pages={6185--6196},
  year={2017}
}

@article{ng02,
  title={Factored Particles for Scalable Monitoring},
  author={Ng, Brenda and Peshkin, Leonid and Pfeffer, Avi},
  xjournal={Proc. 18th Conf. Uncertainty Artif. Intell.},
  journal={Proceedings of the 18th Conference on Uncertainty and Artificial Intelligence},
  year={2002},
  pages={370-377}
}

@Article{nguyen17, text={Nguyen, D. and Ionides, E. L. (2016). "A second-order iterated smoothing algorithm"},
  Author = {Nguyen, D. and Ionides, E. L.},
  Year = {2015},
  Title = {A Second-Order Iterated Smoothing Algorithm},
  Journal = SC,
  Volume={27},
  Number={6},
  Pages={1677--1692},
}

@article{ning21,
title = {Scalable {M}onte {C}arlo Inference and Rescaled Local Asymptotic Normality},
author = {Ning, N. and Ionides, E. L. and Ritov, Y.},
year = {2021},
journal = {Bernoulli},
volume = {pre-published online}
}

@article{ning21ibpf,
  xdoi = {10.48550/ARXIV.2110.10745},
  xurl = {https://arxiv.org/abs/2110.10745},
  author = {Ning, Ning and Ionides, Edward L.},
  title = {Iterated Block Particle Filter for High-dimensional Parameter Learning: Beating the Curse of Dimensionality},
  journal = {arXiv:2110.10745},
  year = {2021}
}

OOOOOOOOOOOOOOO

PPPPPPPPPPPPPPPP

@misc{PAHO23,
  title = {Cholera Epidemic in Hispaniola 2023 - Situation Report 19},
  author = {{Pan American Health Organization}},
  year = {2023},
  url = {https://www.paho.org/en/documents/cholera-outbreak-hispaniola-2023-situation-report-19}
}

@article{palmer02,
  title={The Economic Value of Ensemble Forecasts as a Tool for Risk Assessment: From Days to Decades},
  author={Palmer, Tim N},
  journal={Quarterly Journal of the Royal Meteorological Society},
  volume={128},
  number={581},
  pages={747--774},
  year={2002},
  publisher={Wiley Online Library}
}

@Article{park20,
   Author = {Park, J. and Ionides, E. L.},
    Title = {Inference on High-Dimensional Implicit Dynamic Models using a Guided Intermediate Resampling Filter},
  Journal = {Statistics \& Computing},
    pages = {1497--1522},
   volume = {30},
     year = 2020
}

@book{pawitan01,
  title={In all likelihood: statistical modelling and inference using likelihood},
  author={Pawitan, Yudi},
  year={2001},
  publisher={Oxford University Press}
}

@article{pezzoli20,
title = {Global Oral Cholera Vaccine Use, 2013–2018},
journal = {Vaccine},
volume = {38},
pages = {A132-A140},
year = {2020},
issn = {0264-410X},
xdoi = {https://doi.org/10.1016/j.vaccine.2019.08.086},
xurl = {https://www.sciencedirect.com/science/article/pii/S0264410X19311855},
author = {Lorenzo Pezzoli},
}

@article{piarroux22,
  title={Cholera in Haiti},
  author={Piarroux, Renaud and Moore, Sandy and Rebaudet, Stanislas},
  journal={La Presse M{\'e}dicale},
  pages={104136},
  year={2022},
  publisher={Elsevier}
}

@article(pitt99, xurl="http://www.jstor.org/stable/2670179",
author = "Pitt, M. K. and Shepard, N.",
year = 1999,
title = "Filtering via Simulation: Auxillary Particle Filters",
journal = JASA,
volume = 94,
pages = "590--599"
)

@article{pons-salort18,
  title={Serotype-Specific Immunity Explains the Incidence of Diseases Caused by Human Enteroviruses},
  author={Pons-Salort, Margarita and Grassly, Nicholas C},
  journal={Science},
  volume={361},
  number={6404},
  pages={800--803},
  year={2018},
  publisher={American Association for the Advancement of Science}
}

@article{poterjoy16,
  title={A Localized Particle Filter for High-Dimensional Nonlinear Systems},
  author={Poterjoy, Jonathan},
  xjournal={Monthly Weather Review},
  journal=MWR,
  volume={144},
  number={1},
  pages={59--76},
  year={2016}
}

@article{prosperi20,
  title={Causal inference and counterfactual prediction in machine learning for actionable healthcare},
  author={Prosperi, Mattia and Guo, Yi and Sperrin, Matt and Koopman, James S and Min, Jae S and He, Xing and Rich, Shannan and Wang, Mo and Buchan, Iain E and Bian, Jiang},
  journal={Nature Machine Intelligence},
  volume={2},
  number={7},
  pages={369--375},
  year={2020},
  publisher={Nature Publishing Group UK London}
}

QQQQQQQQQQQQQQQQ

RRRRRRRRRRRRRRRR

@Manual{r,
  title = {R: A Language and Environment for Statistical Computing},
  author = {{R Core Team}},
  organization = {R Foundation for Statistical Computing},
  address = {Vienna, Austria},
  year = {2022},
  url = {https://www.R-project.org/},
}

@article{penaloza15,
title = {A Systematic Review of Research Guidelines in Decision-Analytic Modeling},
journal = {Value in Health},
volume = {18},
number = {4},
pages = {512-529},
year = {2015},
issn = {1098-3015},
xdoi = {https://doi.org/10.1016/j.jval.2014.12.014},
xurl = {https://www.sciencedirect.com/science/article/pii/S1098301515000066},
author = {Maria Cristina {Peñaloza Ramos} and Pelham Barton and Sue Jowett and Andrew John Sutton},
keywords = {decision-analytic modeling, good practice, guidelines, methods, modeling}
}

@article{ramsey94,
  title={Literate Programming Simplified},
  author={Ramsey, Norman},
  journal={IEEE Software},
  volume={11},
  number={5},
  pages={97--105},
  year={1994},
  publisher={IEEE}
}

@article{ranjeva17,text={Ranjeva, S.L., Baskerville, E.B., Dukic, V., Villa, L.L., Lazcano-Ponce, E., Giuliano, A.R., Dwyer, G. and Cobey, S., 2017. Recurring infection with ecologically distinct HPV types can explain high prevalence and diversity. PNAS, p.201714712.},
  title={Recurring Infection with Ecologically Distinct {HPV} Types can Explain High Prevalence and Diversity},
  author={Ranjeva, Sylvia L and Baskerville, Edward B and Dukic, Vanja and Villa, Luisa L and Lazcano-Ponce, Eduardo and Giuliano, Anna R and Dwyer, Greg and Cobey, Sarah},
  journal={Proceedings of the National Academy of Sciences},
  pages={201714712},
  year={2017},
  publisher={National Acad Sciences}
}

@article{ranjeva19,
  title={Age-Specific Differences in the Dynamics of Protective Immunity to Influenza},
  author={Ranjeva, Sylvia and Subramanian, Rahul and Fang, Vicky J and Leung, Gabriel M and Ip, Dennis KM and Perera, Ranawaka APM and Peiris, JS Malik and Cowling, Benjamin J and Cobey, Sarah},
  journal={Nature communications},
  volume={10},
  number={1},
  pages={1660},
  year={2019},
  publisher={Nature Publishing Group}
}

@article{rebaudet21,
  title={Toward Cholera Elimination, Haiti},
  author={Rebaudet, Stanislas and D{\'e}ly, Patrick and Boncy, Jacques and Henrys, Jean Hugues and Piarroux, Renaud},
  journal={Emerging Infectious Diseases},
  volume={27},
  number={11},
  pages={2932},
  year={2021},
  publisher={Centers for Disease Control and Prevention}
}

@article{rebaudet19,
  title={Epidemiological and Molecular Forensics of Cholera Recurrence in {H}aiti},
  author={Rebaudet, Stanislas and Moore, Sandra and Rossignol, Emmanuel and Bogreau, Herv{\'e} and Gaudart, Jean and Normand, Anne-C{\'e}cile and Laraque, Marie-Jos{\'e} and Adrien, Paul and Boncy, Jacques and Piarroux, Renaud},
  journal={Scientific Reports},
  volume={9},
  number={1},
  pages={1--11},
  year={2019},
  publisher={Nature Publishing Group}
}

@article{rebaudet19CATI,
  title={The Case-Area Targeted Rapid Response Strategy to Control Cholera in Haiti: A Four-Year Implementation Study},
  author={Rebaudet, Stanislas and Bulit, Gregory and Gaudart, Jean and Michel, Edwige and Gazin, Pierre and Evers, Claudia and Beaulieu, Samuel and Abedi, Aaron Aruna and Osei, Lindsay and Barrais, Robert and others},
  journal={PLoS Neglected Tropical Diseases},
  volume={13},
  number={4},
  pages={e0007263},
  year={2019},
  publisher={Public Library of Science San Francisco, CA USA}
}

@article{rebaudetComment20,
  title={Cholera in Haiti},
  author={Rebaudet, Stanislas and Gaudart, Jean and Piarroux, Renaud},
  journal={The Lancet Global Health},
  volume={8},
  number={12},
  pages={e1468},
  year={2020},
  publisher={Elsevier}
}

@Article{rebeschini15,
Text={Rebeschini, P, and van Handel, R. (2015). Can local particle filters beat the curse of dimensionality? Ann. Applied Prob.},
Author = {Rebeschini, P. and van Handel, R.},
Year = {2015},
Title = {Can Local Particle Filters Beat the Curse of Dimensionality?},
Journal = {The Annals of Applied Probability},
Number = {5},
Volume= {25},
Pages={2809--2866},
}

@article{rinaldo12,
  author = {Andrea Rinaldo  and Enrico Bertuzzo  and Lorenzo Mari  and Lorenzo   Righetto  and Melanie Blokesch  and Marino Gatto  and Renato Casagrandi  and   Megan Murray  and Silvan M. Vesenbeckh  and Ignacio Rodriguez-Iturbe },
  title = {Reassessment of the 2010-2011 {H}aiti Cholera Outbreak and Rainfall-Driven Multiseason Projections},
  journal = {Proceedings of the National Academy of Sciences},
  volume = {109},
  number = {17},
  pages = {6602-6607},
  year = {2012},
  xdoi = {10.1073/pnas.1203333109},
  xURL = {https://www.pnas.org/doi/abs/10.1073/pnas.1203333109},
  eprint = {https://www.pnas.org/doi/pdf/10.1073/pnas.1203333109}
}

@article{rivera22,
  title={Estimation for Disease Models Across Scales},
  author={Rivera, Wilmer O Martinez},
  year={2022},
  journal={Arizona State University}
}

@Article{romero-severson15,doi={10.1093/aje/kwv044}, text={Romero-Severson, EO, Volz, E, Koopman, JS, Leitner, T and Ionides, EL (2015). Dynamic Variation in Sexual Contact Rates in a Cohort of HIV-Negative Gay Men. American Journal of Epidemiology 182:255-262.},
  Title={Dynamic Variation in Sexual Contact Rates in a Cohort of {HIV}-Negative Gay Men},
  Author={Romero-Severson, EO and Volz, E and Koopman, JS and Leitner, T and Ionides, EL},
  xJournal={American Journal of Epidemiology},
  Journal=AJE,
  Pages={255-262},
  Volume={182},
  Year={2015},
  Publisher=OUP
}

@article(roy13, xdoi={10.1371/journal.pntd.0001979},
author = "Roy, M. and Bouma, M. J. and Ionides, E. L. and Dhiman, R. C. and Pascual, M.",
year = 2013,
title = "The Potential Elimination of {P}lasmodium Vivax Malaria by Relapse Treatment: Insights from a Transmission Model and Surveillance Data from {NW} {I}ndia",
journal = PLoS-NTD,
volume = 7,
pages = "e1979"
)

@Article{roy15,
author="Roy, Manojit
and Bouma, Menno
and Dhiman, Ramesh C.
and Pascual, Mercedes",
title="Predictability of Epidemic Malaria under Non-Stationary Conditions with Process-Based Models Combining Epidemiological Updates and Climate Variability",
journal="Malaria Journal",
year="2015",
month="Oct",
day="26",
volume="14",
number="1",
pages="419",
issn="1475-2875",
doi="10.1186/s12936-015-0937-3",
url="https://doi.org/10.1186/s12936-015-0937-3"
}

@article{rubin22,
  author = {Rubin, Daniel H. F. and Zingl, Franz G. and Leitner, Deborah R. and Ternier, Ralph and Compere, Valusnor and Marseille, Samson and Slater, Damien and Harris, Jason B. and Chowdhury, Fahima and Qadri, Firdausi and Boncy, Jacques and Ivers, Louise C. and Waldor, Matthew K.},
  title = {Reemergence of Cholera in Haiti},
  journal = {New England Journal of Medicine},
  year = {2022},
  doi = {10.1056/NEJMc2213908},
  xURL = {https://doi.org/10.1056/NEJMc2213908},
  xeprint = {https://doi.org/10.1056/NEJMc2213908}
}

@article{ryden97,
title = "On Recursive Estimation for Hidden Markov Models",
journal = "Stochastic Processes and their Applications",
volume = "66",
xnumber = "1",
pages = "79 - 96",
year = "1997",
note = "",
issn = "0304-4149",
xdoi = "10.1016/S0304-4149(96)00114-7",
xurl = "http://www.sciencedirect.com/science/article/pii/S0304414996001147",
author = "Tobias Ryd\'{e}n"
}

SSSSSSSSSSSS

@article{sallah17,
  title={Mathematical Models for Predicting Human Mobility in the Context of Infectious Disease Spread: Introducing the Impedance Model},
  author={Sallah, Kanko{\'e} and Giorgi, Roch and Bengtsson, Linus and Lu, Xin and Wetter, Erik and Adrien, Paul and Rebaudet, Stanislas and Piarroux, Renaud and Gaudart, Jean},
  journal={International Journal of Health Geographics},
  volume={16},
  number={1},
  pages={1--11},
  year={2017},
  publisher={BioMed Central}
}

@article{saltelli19,
  title={A short comment on statistical versus mathematical modelling},
  author={Saltelli, Andrea},
  journal={Nature communications},
  volume={10},
  number={1},
  pages={3870},
  year={2019},
  publisher={Nature Publishing Group UK London}
}

@article{saltelli20,
  title={Five Ways to Ensure that Models Serve Society: a Manifesto},
  author={Saltelli, Andrea and Bammer, Gabriele and Bruno, Isabelle and Charters, Erica and Di Fiore, Monica and Didier, Emmanuel and Nelson Espeland, Wendy and Kay, John and Lo Piano, Samuele and Mayo, Deborah and Pielke, Roger and Portaluri, Tommaso and Porter, Theodore M. and Puy, Arnald and Rafols, Ismael and Ravetz, Jerome R. and Reinert, Erik and Sarewitz, Daniel and Stark, Philip B. and Stirling, Andrew and van der Sluijs, Jeroen and Vineis, Paolo},
  year={2020},
  journal={Nature},
  volume={582},
  pages={428--484},
  publisher={Nature Publishing Group}
}

@article{sanches11,
  title={The Role of Immunity and Seasonality in Cholera Epidemics},
  author={Sanches, Ros{\^a}ngela P and Ferreira, Claudia P and Kraenkel, Roberto A},
  journal={Bulletin of Mathematical Biology},
  volume={73},
  number={12},
  pages={2916--2931},
  year={2011},
  publisher={Springer}
}

@article{shaman12,xdoi = {10.1073/pnas.1208772109},text={Shaman, J. and A. Karspeck (2012). Forecasting seasonal outbreaks of influenza. PNAS 109:20425-20430.},
author = {Shaman, Jeffrey and Karspeck, Alicia},
title = {Forecasting Seasonal Outbreaks of Influenza},
volume = {109},
xnumber = {50},
pages = {20425-20430},
year = {2012},
XURL = {http://www.pnas.org/content/109/50/20425.abstract},
eprint = {http://www.pnas.org/content/109/50/20425.full.pdf+html},
journal = PNAS
}

@article{shrestha11,    xdoi = {10.1371/journal.pcbi.1002135}, text={Shrestha, S., A. A. King and P. Rohani (2011). "Statistical Inference for Multi-Pathogen Systems". PLoS Comput Biol 7:e1002135. http://dx.doi.org/10.1371/journal.pcbi.1002135},
    author = {Shrestha, Sourya AND King, Aaron A. AND Rohani, Pejman},
    xjournal = {PLoS Comput Biol},
    journal = PLoS-CompBio,
    publisher = {Public Library of Science},
    title = {Statistical Inference for Multi-Pathogen Systems},
    year = {2011},
    month = {08},
    volume = {7},
    xurl = {http://dx.doi.org/10.1371%2Fjournal.pcbi.1002135},
    pages = {e1002135},
    xnumber = {8},
}

@article{shrestha13,xdoi = {10.1126/scitranslmed.3005982},
author = {Shrestha, Sourya and Foxman, Betsy and Weinberger, Daniel M. and Steiner, Claudia and Viboud, C\'{e}cile and Rohani, Pejman},
title = {Identifying the Interaction Between Influenza and Pneumococcal Pneumonia Using Incidence Data},
volume = {5},
xnumber = {191},
pages = {191ra84},
year = {2013},
XURL = {http://stm.sciencemag.org/content/5/191/191ra84.abstract},
eprint = {http://stm.sciencemag.org/content/5/191/191ra84.full.pdf},
xjournal = {Science Translational Medicine},
yjournal = {Science Transl. Med.},
journal=STM
}

@article{smith22,
  title={Ecosystem Models in a Bayesian State Space Framework},
  author={Smith Jr, John William},
  year={2022},
  journal={Virginia Tech}
}

@article{snyder15,
  title={Performance Bounds for Particle Filters Using the Optimal Proposal},
  author={Snyder, Chris and Bengtsson, Thomas and Morzfeld, Mathias},
  journal={Monthly Weather Review},
  volume={143},
  number={11},
  pages={4750--4761},
  year={2015}
}

@article{stocks20,
  title={Model Selection and Parameter Estimation for Dynamic Epidemic Models via Iterated Filtering: Application to Rotavirus in {G}ermany},
  author={Stocks, Theresa and Britton, Tom and H{\"o}hle, Michael},
  journal={Biostatistics},
  volume={21},
  number={3},
  pages={400--416},
  year={2020},
  publisher={Oxford University Press}
}

@ARTICLE{storvik02,xdoi={10.1109/78.978383},
title={Particle Filters for State-Space Models with the Presence of Unknown Static Parameters},
author={Storvik, G.},
xjournal={IEEE Transactions on Signal Processing},
yjournal={IEEE Trans. Sig. Proc.},
journal=TSP,
year={2002},
month={Feb},
volume={50},
xnumber={2},
pages={281-289},
ISSN={1053-587X} }

@article{subramanian20,
  title={Predicting Re-Emergence Times of Dengue Epidemics at Low Reproductive Numbers: {DENV}1 in {R}io de {J}aneiro, 1986--1990},
  author={Subramanian, Rahul and Romeo-Aznar, Victoria and Ionides, Edward and Code{\c{c}}o, Claudia T and Pascual, Mercedes},
  journal={Journal of the Royal Society Interface},
  volume={17},
  number={167},
  pages={20200273},
  year={2020},
  publisher={The Royal Society}
}

@article{subramanian21,
  title={Quantifying Asymptomatic Infection and Transmission of {COVID}-19 in {N}ew {Y}ork {C}ity using Observed Cases, Serology, and Testing Capacity},
  author={Subramanian, Rahul and He, Qixin and Pascual, Mercedes},
  xjournal={Proceedings of the National Academy of Sciences},
  journal=PNAS,
  volume={118},
  number={9},
  year={2021},
  publisher={National Acad Sciences}
}

@article{swallow22,
  title={Challenges in Estimation, Uncertainty Quantification and Elicitation for Pandemic Modelling},
  author={Swallow, Ben and Birrell, Paul and Blake, Joshua and Burgman, Mark and Challenor, Peter and Coffeng, Luc E and Dawid, Philip and De Angelis, Daniela and Goldstein, Michael and Hemming, Victoria and Marion, GlennMarion and McKinley, Trevelyan, J. and Overton, Christopher E. and Panovska-Griffith, Jasmina and Pellis, Lorenzo and Probert, Will and Shea, Katriona and Villela, Daniel and Vernon, Ian},
  journal={Epidemics},
  volume={38},
  pages={100547},
  year={2022},
  publisher={Elsevier}
}

TTTTTTTTTTTTTT

@article(toni09, xdoi="10.1098/rsif.2008.0172", text={Toni et al (2009). Approximate Bayesian computation scheme for parameter inference and model selection in dynamical systems. J. Roy. Soc. Interface 6:187-202.},
author = "Tina Toni and David Welch and Natalja Strelkowa and Andreas Ipsen and Michael P.H. Stumpf",
year = 2009,
title = "Approximate {B}ayesian Computation Scheme for Parameter Inference and Model Selection in Dynamical Systems",
journal = JRSI,
volume = "6",
pages = " 187-202"
)

@article{tracy18,
author = {Tracy, Melissa and Cerdá, Magdalena and Keyes, Katherine M.},
title = {Agent-Based Modeling in Public Health: Current Applications and Future Directions},
journal = {Annual Review of Public Health},
volume = {39},
number = {1},
pages = {77-94},
year = {2018},
xdoi = {10.1146/annurev-publhealth-040617-014317},
note ={PMID: 29328870},
xURL = {https://doi.org/10.1146/annurev-publhealth-040617-014317},
eprint = {https://doi.org/10.1146/annurev-publhealth-040617-014317}
}

@article{trevisin22,
  title={Epidemicity of Cholera Spread and the Fate of Infection Control Measures},
  author={Trevisin, Cristiano and Lemaitre, Joseph C and Mari, Lorenzo and Pasetto, Damiano and Gatto, Marino and Rinaldo, Andrea},
  journal={Journal of the Royal Society Interface},
  volume={19},
  number={188},
  pages={20210844},
  year={2022},
  publisher={The Royal Society}
}

@article{tuite11,
  title={Cholera Epidemic in {H}aiti, 2010: Using a Transmission Model to Explain Spatial Spread of Disease and Identify Optimal Control Interventions},
  author={Tuite, Ashleigh R and Tien, Joseph and Eisenberg, Marisa and Earn, David JD and Ma, Junling and Fisman, David N},
  journal={Annals of internal medicine},
  volume={154},
  number={9},
  pages={593--601},
  year={2011},
  publisher={American College of Physicians}
}

UUUUUUUUUUU

VVVVVVVVVVVV

@book{vandermeer13,
  title={Population ecology: first principles},
  author={Vandermeer, John H and Goldberg, Deborah E},
  year={2013},
  publisher={Princeton University Press}
}

@article{vankekem18,
  title={Travelling Waves and their Bifurcations in the {L}orenz-96 Model},
  author={van Kekem, Dirk L and Sterk, Alef E},
  journal={Physica D: Nonlinear Phenomena},
  volume={367},
  pages={38--60},
  year={2018},
  publisher={Elsevier}
}

@article{varghese21,
  title={SEAMHCRD Deterministic Compartmental Model Based on Clinical Stages of Infection for COVID-19 Pandemic in Sultanate of Oman},
  author={Varghese, Abraham and Kolamban, Shajidmon and Sherimon, Vinu and Lacap, Eduardo M and Ahmed, Saad Salman and Sreedhar, Jagath Prasad and Al Harthi, Hasina and Shuaily, Al and Salim, Huda},
  journal={Scientific Reports},
  volume={11},
  number={1},
  pages={1--19},
  year={2021},
  publisher={Nature Publishing Group}
}

@article{verge13,
  title={On Parallel Implementation of Sequential {M}onte {C}arlo Methods: The Island Particle Model},
  author={Verg{\'e}, Christelle and Dubarry, Cyrille and Del Moral, Pierre and Moulines, Eric},
  journal=SC,
  volume={25},
  number={2},
  pages={243--260},
  year={2013},
  publisher={Springer}
}

WWWWWWWWWWWWW

@article{wale2019,
  title={The Contribution of Host Cell-Directed vs. Parasite-Directed Immunity to the Disease and Dynamics of Malaria Infections},
  author={Wale, Nina and Jones, Matthew J and Sim, Derek G and Read, Andrew F and King, Aaron A},
  journal={Proceedings of the National Academy of Sciences},
  volume={116},
  number={44},
  pages={22386--22392},
  year={2019},
  publisher={National Acad Sciences}
}

@INPROCEEDINGS{wan00,xdoi={10.1109/ASSPCC.2000.882463},title={The Unscented {K}alman Filter for Nonlinear Estimation},
author={Wan, E.A. and van der Merwe, R.},
booktitle={Adaptive Systems for Signal Processing, Communications, and Control, Symposium 2000},
xpublisher={IEEE},
organization={IEEE},
year={2000},
month={},
volume={},
xnumber={},
pages={153--158},
ISSN={}}

@article{wheeler23,
  title={Likelihood Based Inference for ARMA Models},
  author={Wheeler, Jesse and Ionides, Edward L},
  journal={arXiv preprint arXiv:2310.01198},
  year={2023}
}

@ARTICLE{whiteley13,
   author = {Whiteley, N.},
    title = "{Stability Properties of Some Particle Filters}",
  journal=AOAP,
  volume={23},
  xnumber={6},
  pages={2500--2537},
  year={2013},
}

@book(wilkinson12,
author = "Wilkinson, D. J.",
year = 2012,
title = "Stochastic Modelling for Systems Biology",
publisher = "Chapman \& Hall",
address = "Boca Raton, FL"
)

@Article{wood10,       XDOI={10.1038/nature09319}, xurl={http://dx.doi.org/10.1038/nature09319}, title={Statistical Inference for Noisy Nonlinear Ecological Dynamic Systems}, text={Wood (2010). Statistical Inference for Noisy Nonlinear Ecological Dynamic Systems. Nature 466:1102-1104.},
        Author={Wood, Simon N.},
       journal={Nature},
        Pages={1102--1104},
        Year={2010},
         Volume={466},
        xNumber={7310},
        XURL={http://dx.doi.org/10.1038/nature09319},
}

@article{world2010outbreak,
  title={OUTBREAK NEWS: Choiera, Haiti},
  author={{World Health Organization} and others},
  journal={Weekly Epidemiological Record= Relev{\'e} {\'e}pid{\'e}miologique hebdomadaire},
  volume={85},
  number={44},
  pages={437--439},
  year={2010}
}

XXXXXXXXXXXXXX

@article{xavier17, doi={10.1590/0102.311X00186615},
author={Xavier, D.R. and de Avelar Figuereido Mafra Magalhaes, M. and Gracie, R. and dos Reis, I.C. and Pascoal de Matos, V. and Barcellos, C.},
title={Spatio-Temporal Diffusion of Dengue in the Municipality of Rio de Janeiro 2000--2013},
year={2017},
journal={Cadernos de Sa\'{u}de P\'{u}blica},
volume={33},
number={2},
pages={1--13}
}

@Article{xia04,  doi = {10.1086/422341}, author = {Xia, Yingcun  and Bj{\o}rnstad,  Ottar N.  and  Grenfell, Bryan T.},
  title = {Measles Metapopulation Dynamics: A Gravity Model for Epidemiological Coupling and Dynamics},
  journal = AmNat,
  year = {2004},
  volume = {164},
  pages = {267--281},
  number = {2}
}

YYYYYYYYYYYYY

@article{yang14,xdoi={10.1371/journal.pcbi.1003583},
  title={Comparison of Filtering Methods for the Modeling and Retrospective Forecasting of Influenza Epidemics},
  author={Yang, Wan and Karspeck, Alicia and Shaman, Jeffrey},
  journal=PLoS-CompBio,
  volume={10},
  xnumber={4},
  pages={e1003583},
  year={2014},
  publisher={Public Library of Science}
}


@article{you20,
  title={Estimation of the Time-Varying Reproduction Number of {COVID-19} Outbreak in China},
  author={You, Chong and Deng, Yuhao and Hu, Wenjie and Sun, Jiarui and Lin, Qiushi and Zhou, Feng and Pang, Cheng Heng and Zhang, Yuan and Chen, Zhengchao and Zhou, Xiao-Hua},
  journal={International Journal of Hygiene and Environmental Health},
  volume={228},
  pages={113555},
  year={2020},
  publisher={Elsevier}
}



ZZZZZZZZZZZ



